
@article {EXAMPLEARTICLE,
     author       = "Authorarticle",
     title        = "{Title}",
     journal      = "Journal",
     volume       = "Volume",
     year         = "Year",
     number       = "Number",
     pages        = "Pages",
     language     = "Language",
     note         = "Note",
     mrnumber     = "MRNumber",
     archive = "Archive",
}

@book {EXAMPLEBOOK,
     author       = "AuthorBook",
     title        = "{Title}",
     edition      = "Edition",
     volume       = "Volume",
     series       = "Series",
     number       = "Number",
     publisher    = "Publisher",
     address      = "Address",
     month        = "month",
     year         = "Year",
     language     = "Language",
     note         = "Note",
     mrnumber     = "MRNumber",
}

@ARTICLE{rp92,
   author = {{Rybicki}, G.~B. and {Press}, W.~H.},
    title = "{Interpolation, realization, and reconstruction of noisy, irregularly sampled data}",
  journal = {\apj},
 keywords = {Data Sampling, Interpolation, Linear Prediction, Reconstruction, Statistical Analysis, Bayes Theorem, Estimators, Monte Carlo Method, Wiener Filtering},
     year = 1992,
    month = oct,
   volume = 398,
    pages = {169-176},
      doi = {10.1086/171845},
   adsurl = {http://adsabs.harvard.edu/abs/1992ApJ...398..169R},
  adsnote = {Provided by the SAO/NASA Astrophysics Data System}
}


@ARTICLE{zaroubietal95,
   author = {{Zaroubi}, S. and {Hoffman}, Y. and {Fisher}, K.~B. and {Lahav}, O.
	},
    title = "{Wiener Reconstruction of the Large-Scale Structure}",
  journal = {\apj},
   eprint = {astro-ph/9410080},
 keywords = {COSMOLOGY: LARGE-SCALE STRUCTURE OF UNIVERSE, COSMOLOGY: THEORY},
     year = 1995,
    month = aug,
   volume = 449,
    pages = {446},
      doi = {10.1086/176070},
   adsurl = {http://adsabs.harvard.edu/abs/1995ApJ...449..446Z},
  adsnote = {Provided by the SAO/NASA Astrophysics Data System}
}

@ARTICLE{jaslav15,
   author = {{Jasche}, J. and {Lavaux}, G.},
    title = "{Matrix-free large-scale Bayesian inference in cosmology}",
  journal = {\mnras},
archivePrefix = "arXiv",
   eprint = {1402.1763},
 primaryClass = "astro-ph.CO",
 keywords = {methods: data analysis, methods: statistical, cosmic background radiation, large-scale structure of Universe},
     year = 2015,
    month = feb,
   volume = 447,
    pages = {1204-1212},
      doi = {10.1093/mnras/stu2479},
   adsurl = {http://adsabs.harvard.edu/abs/2015MNRAS.447.1204J},
  adsnote = {Provided by the SAO/NASA Astrophysics Data System}
}
