@ARTICLE{Abbott1982,
   author = {{Abbott}, L.~F. and {Farhi}, E. and {Wise}, M.~B.},
    title = "{Particle production in the new inflationary cosmology}",
  journal = {Phys. Lett.},
     year = 1982,
    month = {Nov.},
   volume = {B\,117},
    pages = {29-33},
      doi = {10.1016/0370-2693(82)90867-X},
   adsurl = {http://adsabs.harvard.edu/abs/1982PhLB..117...29A},
  adsnote = {Provided by the SAO/NASA Astrophysics Data System}
}

@article{Albrecht1982,
  title = {Cosmology for grand unified theories with radiatively induced symmetry breaking},
  author = {Albrecht, Andreas and Steinhardt, Paul J.},
  journal = {Phys. Rev. Lett.},
  volume = {48},
  issue = {17},
  pages = {1220-1223},
  numpages = {0},
  year = {1982},
  month = {Apr.},
  publisher = {American Physical Society},
  doi = {10.1103/PhysRevLett.48.1220},
  url = {http://link.aps.org/doi/10.1103/PhysRevLett.48.1220}
}

@article{Bardeen:1980,
  title = {Gauge-invariant cosmological perturbations},
  author = {Bardeen, James M.},
  journal = {Phys. Rev.},
  volume = {D\,22},
  issue = {8},
  pages = {1882-1905},
  year = {1980},
  month = {Oct},
  publisher = {American Physical Society},
}


@article{Bardeen1983,
	Author = {Bardeen, James M. and Steinhardt, Paul J. and Turner, Michael S.},
	Doi = {10.1103/PhysRevD.28.679},
	Journal = {Phys. Rev.},
	Pages = {679},
	Title = {{Spontaneous Creation of Almost Scale-Free Density Perturbations in an Inflationary Universe}},
	Volume = {D\,28},
	Year = {1983},
	Bdsk-Url-1 = {http://dx.doi.org/10.1103/PhysRevD.28.679}}

@book{BirrellsBook1984,
  title={Quantum fields in curved space},
  author={Birrell, N.D. and Davies, P.C.W.},
  isbn={9780521278584},
  lccn={81003851},
  series={Cambridge monographs on mathematical physics},
  year={1984},
  publisher={Cambridge University Press}
}

@article{Brandenberger1983,
	title = "An alternate derivation of radiation in an inflationary universe ",
	journal = "Phys. Lett.",
	volume = "B\,129",
	number = "6",
	pages = "397 - 400",
	year = "1983",
	note = "",
	issn = "0370-2693",
	doi = "http://dx.doi.org/10.1016/0370-2693(83)90127-2",
	url = "http://www.sciencedirect.com/science/article/pii/0370269383901272",
	author = "Robert H. Brandenberger"
}

@ARTICLE{Brandenberger1984,
   author = {{Brandenberger}, R.~H.},
    title = "{Quantum fluctuations as the source of classical gravitational perturbations in inflationary universe models}",
  journal = {Nucl. Phys.},
     year = 1984,
   volume = {B\,245},
    pages = {328-342},
      doi = {10.1016/0550-3213(84)90435-8},
   adsurl = {http://adsabs.harvard.edu/abs/1984NuPhB.245..328B},
  adsnote = {Provided by the SAO/NASA Astrophysics Data System}
}


@ARTICLE{Carrasco2012,
   author = {{Carrasco}, J.~J.~M. and {Hertzberg}, M.~P. and {Senatore}, L.
	},
    title = "{The effective field theory of cosmological large scale structures}",
  journal = {JHEP},
archivePrefix = "arXiv",
   eprint = {1206.2926},
 primaryClass = "astro-ph.CO",
 keywords = {Cosmology of Theories beyond the SM, Stochastic Processes, Renormalization Regularization and Renormalons},
     year = 2012,
    month = {Sep.},
   volume = 9,
      eid = {82},
    pages = {82},
   adsurl = {http://adsabs.harvard.edu/abs/2012JHEP...09..082C},
  adsnote = {Provided by the SAO/NASA Astrophysics Data System}
}

@article{Gordon2000,
	Archiveprefix = {arXiv},
	Author = {Gordon, Christopher and Wands, David and Bassett, Bruce A. and Maartens, Roy},
	Doi = {10.1103/PhysRevD.63.023506},
	Eprint = {astro-ph/0009131},
	Journal = {Phys. Rev.},
	Pages = {023506},
	Primaryclass = {astro-ph},
	Slaccitation = {%%CITATION = ASTRO-PH/0009131;%%},
	Title = {{Adiabatic and entropy perturbations from inflation}},
	Volume = {D\,63},
	Year = {2001},
	Bdsk-Url-1 = {http://dx.doi.org/10.1103/PhysRevD.63.023506}}

@ARTICLE{Guth1981,
   author = {{Guth}, A.~H.},
    title = "{Inflationary universe: A possible solution to the horizon and flatness problems}",
  journal = {Phys. Rev.},
     year = 1981,
    month = {Jan.},
   volume = {D\,23},
    pages = {347-356},
      doi = {10.1103/PhysRevD.23.347},
   adsurl = {http://adsabs.harvard.edu/abs/1981PhRvD..23..347G},
  adsnote = {Provided by the SAO/NASA Astrophysics Data System}
}

@article{Guth1982,
	Author = {Guth, Alan H. and Pi, S. Y.},
	Doi = {10.1103/PhysRevLett.49.1110},
	Journal = {Phys. Rev. Lett.},
	Pages = {1110-1113},
	Slaccitation = {%%CITATION = PRLTA,49,1110;%%},
	Title = {{Fluctuations in the new inflationary Universe}},
	Volume = {49},
	Year = {1982},
	Bdsk-Url-1 = {http://dx.doi.org/10.1103/PhysRevLett.49.1110}
}

@article{Harrison1970,
  title = {Fluctuations at the Threshold of Classical Cosmology},
  author = {Harrison, E. R.},
  journal = {Phys. Rev.},
  volume = {D\,1},
  issue = {10},
  pages = {2726-2730},
  numpages = {0},
  year = {1970},
  month = {May},
  publisher = {American Physical Society},
  doi = {10.1103/PhysRevD.1.2726},
  url = {http://link.aps.org/doi/10.1103/PhysRevD.1.2726}
}


@article{Hawking1982,
	title = "The development of irregularities in a single bubble inflationary universe ",
	journal = "Phys. Lett.",
	volume = "B\,115",
	number = "4",
	pages = "295 - 297",
	year = "1982",
	author = "S.W. Hawking"
}

@ARTICLE{Lifshitz1946,
   author = {{Lifshitz}, E.~M.},
    title = "{On the gravitational stability of the expanding universe}",
  journal = {Zhurnal Eksperimentalnoi i Teoreticheskoi Fiziki},
     year = 1946,
   volume = 16,
    pages = {587-602},
   adsurl = {http://adsabs.harvard.edu/abs/1946ZhETF..16..587L},
  adsnote = {Provided by the SAO/NASA Astrophysics Data System}
}

@article{Lifshitz1963,
  author={Lifshitz, E. M. and Khalatnikov, I. M.},
  title={Investigations in relativistic cosmology},
  journal={Advan. in Phys.},
  volume={12},
  issue={46},
  pages={185-249},
  year={1963}
}

@ARTICLE{Linde1982a,
   author = {{Linde}, A.~D.},
    title = "{A new inflationary universe scenario: A possible solution of the horizon, flatness, homogeneity, isotropy and primordial monopole problems}",
  journal = {Phys. Lett.},
     year = 1982,
    month = {Feb.},
   volume = {B\,108},
    pages = {389-393},
      doi = {10.1016/0370-2693(82)91219-9},
   adsurl = {http://adsabs.harvard.edu/abs/1982PhLB..108..389L},
  adsnote = {Provided by the SAO/NASA Astrophysics Data System}
}

@article{Linde1982b,
	title = "Coleman-Weinberg theory and the new inflationary universe scenario",
	journal = "Phys. Lett.",
	volume = "B\,114",
	number = "6",
	pages = "431 - 435",
	year = "1982",
	note = "",
	issn = "0370-2693",
	doi = "DOI: 10.1016/0370-2693(82)90086-7",
	url = "http://www.sciencedirect.com/science/article/pii/0370269382900867",
	author = "A. D. Linde"
}


@article{Linde1983,
	title = "Chaotic inflation",
	journal = "Phys. Lett.",
	volume = "B\,129",
	number = "3-4",
	pages = "177 - 181",
	year = "1983",
	note = "",
	issn = "0370-2693",
	doi = "DOI: 10.1016/0370-2693(83)90837-7",
	url = "http://www.sciencedirect.com/science/article/pii/0370269383908377",
	author = "A. D. Linde"
}

@article{Linde1986a,
	Author = {Linde, A.D.},
	Journal = {Mod. Phys. Lett.},
	Number = {02},
	Pages = {81-85},
	Title = {Eternal Chaotic Inflation},
	Volume = {A\,01},
	Year = {1986}}
	
@article{Linde1986b,
	Author = {A.D. Linde},
	Journal = {Phys. Lett.},
	Number = {4},
	Pages = {395 - 400},
	Title = {Eternally existing self-reproducing chaotic inflanationary universe},
	Volume = {B\,175},
	Year = {1986}}

@article{Linde1993,
	Archiveprefix = {arXiv},
	Author = {Linde, Andrei D.},
	Doi = {10.1103/PhysRevD.49.748},
	Eprint = {astro-ph/9307002},
	Journal = {Phys. Rev.},
	Pages = {748-754},
	Slaccitation = {%%CITATION = ASTRO-PH/9307002;%%},
	Title = {{Hybrid inflation}},
	Volume = {D\,49},
	Year = {1994},
	Bdsk-Url-1 = {http://dx.doi.org/10.1103/PhysRevD.49.748}}

@article{Malik2008,
	Archiveprefix = {arXiv},
	Author = {Malik, Karim A. and Wands, David},
	Doi = {10.1016/j.physrep.2009.03.001},
	Eprint = {0809.4944},
	Journal = {Phys. Rept.},
	Pages = {1-51},
	Primaryclass = {astro-ph},
	Slaccitation = {%%CITATION = ARXIV:0809.4944;%%},
	Title = {{Cosmological perturbations}},
	Volume = {475},
	Year = {2009},
	Bdsk-Url-1 = {http://dx.doi.org/10.1016/j.physrep.2009.03.001}}

@article{Moss1985,
	title = "Primordial inflation with spontaneous symmetry breaking",
	journal = "Phys. Lett.",
	volume = "B\,154",
	number = "2-3",
	pages = "120 - 124",
	year = "1985",
	note = "",
	issn = "0370-2693",
	doi = "DOI: 10.1016/0370-2693(85)90570-2",
	url = "http://www.sciencedirect.com/science/article/pii/0370269385905702",
	author = "I. G. Moss"
}


@article{Mukhanov:1981xt,
	Author = {Mukhanov, Viatcheslav F. and Chibisov, G.V.},
	Journal = {JETP Lett.},
	Pages = {532-535},
	Title = {{Quantum fluctuation and nonsingular Universe. (In Russian)}},
	Volume = {33},
	Year = {1981}}

@article{Mukhanov:1982nu,
	Author = {Mukhanov, Viatcheslav F. and Chibisov, G.V.},
	Journal = {Sov. Phys. JETP},
	Pages = {258-265},
	Title = {{The vacuum energy and large scale structure of the universe}},
	Volume = {56},
	Year = {1982}}

@ARTICLE{Mukhanov1985,
   author = {{Mukhanov}, V.~F.},
    title = "{Gravitational instability of the universe filled with a scalar field}",
  journal = {Sov. Phys. Lett.-JETP Lett.},
     year = 1985,
    month = may,
   volume = 41,
    pages = {493},
   adsurl = {http://adsabs.harvard.edu/abs/1985JETPL..41..493M},
  adsnote = {Provided by the SAO/NASA Astrophysics Data System}
}

@ARTICLE{Mukhanov1988,
   author = {{Mukhanov}, V.~F.},
    title = "{The quantum theory of gauge-invariant cosmological perturbations}",
  journal = {Zhurnal Eksperimental noi i Teoreticheskoi Fiziki},
 keywords = {COSMOLOGY, GAUGE INVARIANCE, METRIC SPACE, PERTURBATION THEORY, QUANTUM THEORY, COMPUTATIONAL ASTROPHYSICS, EVOLUTION (DEVELOPMENT), FIELD THEORY (PHYSICS), ISOTROPIC MEDIA, NUMERICAL STABILITY},
     year = 1988,
    month = {Jul.},
   volume = 94,
    pages = {1-11},
   adsurl = {http://adsabs.harvard.edu/abs/1988ZhETF..94....1M},
  adsnote = {Provided by the SAO/NASA Astrophysics Data System}
}

@article{Planck2013,
	Author = {P. Ade et al. (Planck Collaboration)},
	Title = {Planck 2013 results. I-XXIX. 29 papers},
	volume = {571},
	issue = {Planck 2013 results},
	journal = { \mbox{A\&A}},
	pages={A1-A31},
	Year = {2014},
	month={nov}
}

@article{Press1980,
  	author={William H Press},
  	title={Spontaneous production of the Zel'dovich spectrum of cosmological fluctuations},
  	journal={Physica Scripta},
  	volume={21},
  	number={5},
  	pages={702},
  	url={http://stacks.iop.org/1402-4896/21/i=5/a=021},
  	year={1980},
 }

@ARTICLE{Sachs1967,
   author = {{Sachs}, R.~K. and {Wolfe}, A.~M.},
    title = "{Perturbations of a Cosmological Model and Angular Variations of the Microwave Background}",
  journal = {Ap.\,J},
     year = 1967,
    month = jan,
   volume = 147,
    pages = {73},
      doi = {10.1086/148982},
   adsurl = {http://adsabs.harvard.edu/abs/1967ApJ...147...73S},
  adsnote = {Provided by the SAO/NASA Astrophysics Data System}
}

@ARTICLE{Sasaki1986,
   author = {{Sasaki}, M.},
    title = "{Large Scale Quantum Fluctuations in the Inflationary Universe}",
  journal = {Prog. Theor. Phys.},
     year = 1986,
    month = {Nov.},
   volume = 76,
    pages = {1036-1046},
      doi = {10.1143/PTP.76.1036},
   adsurl = {http://adsabs.harvard.edu/abs/1986PThPh..76.1036S},
  adsnote = {Provided by the SAO/NASA Astrophysics Data System}
}

@ARTICLE{Sato1981,
   author = {{Sato}, K.},
    title = "{First-order phase transition of a vacuum and the expansion of the Universe}",
  journal = {MNRAS},
 keywords = {Cosmology, Expansion, Gauge Theory, Phase Transformations, Universe, Vacuum, Baryons, Bubbles, Fluctuation Theory, Galactic Evolution, Nucleation, Photons},
     year = 1981,
    month = {May},
   volume = 195,
    pages = {467-479},
   adsurl = {http://adsabs.harvard.edu/abs/1981MNRAS.195..467S},
  adsnote = {Provided by the SAO/NASA Astrophysics Data System}
}



@article{Starobinsky1982,
	Author = {Starobinsky, Alexei A.},
	Doi = {10.1016/0370-2693(82)90541-X},
	Journal = {Phys. Lett.},
	Pages = {175-178},
	Slaccitation = {%%CITATION = PHLTA,B117,175;%%},
	Title = {{Dynamics of phase transition in the new inflationary Universe scenario and generation of perturbations}},
	Volume = {B\,117},
	Year = {1982},
	Bdsk-Url-1 = {http://dx.doi.org/10.1016/0370-2693(82)90541-X}
}

@ARTICLE{Turner1983,
   author = {{Turner}, M.~S.},
    title = "{Coherent scalar-field oscillations in an expanding universe}",
  journal = {Phys. Rev.},
     year = 1983,
    month = {Sep.},
   volume = {D\,28},
    pages = {1243-1247},
      doi = {10.1103/PhysRevD.28.1243},
   adsurl = {http://adsabs.harvard.edu/abs/1983PhRvD..28.1243T},
  adsnote = {Provided by the SAO/NASA Astrophysics Data System}
}


@article{Zeldovich1972,
	year={1972},
	issn={0033-8443},
	journal={Radiophysics and Quantum Electronics},
	volume={15},
	number={2},
	doi={10.1007/BF02209105},
	title={The observation of fluctuations of relict radio emission as a method of distinguishing adiabatic perturbations from other forms of perturbations of material density in the universe which lead to galaxy formation},
	url={http://dx.doi.org/10.1007/BF02209105},
	publisher={Kluwer Academic Publishers-Plenum Publishers},
	author={Zel'dovich, YaB. and Rakhmatulina, A.Kh. and Syunyaev, R.A.},
	pages={121-128},
	language={English}
}