%% This BibTeX bibliography file was created using BibDesk.
%% http://bibdesk.sourceforge.net/


%% Created for Michael Schneider at 2015-01-13 11:59:17 -0800 


%% Saved with string encoding Unicode (UTF-8) 



@article{2012arXiv1203.3639J,
	Abstract = {We present a fully probabilistic, physical model of the non-linearly evolved density field, as probed by realistic galaxy surveys. Our model is valid in the linear and mildly non-linear regimes and uses second order Lagrangian perturbation theory to connect the initial conditions with the final density field. Our parameter space consists of the 3D initial density field and our method allows a fully Bayesian exploration of the sets of initial conditions that are consistent with the galaxy distribution sampling the final density field. A natural byproduct of this technique is an optimal non-linear reconstruction of the present density and velocity fields, including a full propagation of the observational uncertainties. A test of these methods on simulated data mimicking the survey mask, selection function and galaxy number of the SDSS DR7 main sample shows that this physical model gives accurate reconstructions of the underlying present-day density and velocity fields on scales larger than ~6 Mpc/h. Our method naturally and accurately reconstructs non-linear features corresponding to three-point and higher order correlation functions such as walls and filaments. Simple tests of the reconstructed initial conditions show statistical consistency with the Gaussian simulation inputs. Our test demonstrates that statistical approaches based on physical models of the large scale structure distribution are now becoming feasible for realistic current and future surveys.},
	Author = {Jasche, Jens and Wandelt, Benjamin D},
	Date-Added = {2015-01-13 17:51:14 +0000},
	Date-Modified = {2015-01-13 17:51:14 +0000},
	Eprint = {1203.3639},
	Eprintclass = {astro-ph.CO},
	Eprinttype = {arxiv},
	File = {{arXiv2012Jasche.pdf:/Users/schneider42/Documents/Papers2/2012/Jasche/arXiv2012Jasche.pdf:application/pdf}},
	Journal = {arXiv.org},
	Local-Url = {file://localhost/Users/schneider42/Documents/Papers2/2012/Jasche/arXiv2012Jasche.pdf},
	Month = mar,
	Pages = {3639},
	Rating = {0},
	Read = {Yes},
	Title = {{Bayesian physical reconstruction of initial conditions from large scale structure surveys}},
	Uri = {\url{papers2://publication/uuid/E2ADAB6F-6266-4646-907C-2BA7C5C6B277}},
	Url = {http://adsabs.harvard.edu/cgi-bin/nph-data_query?bibcode=2012arXiv1203.3639J&link_type=ABSTRACT},
	Year = {2012},
	Bdsk-File-1 = {YnBsaXN0MDDUAQIDBAUGJCVYJHZlcnNpb25YJG9iamVjdHNZJGFyY2hpdmVyVCR0b3ASAAGGoKgHCBMUFRYaIVUkbnVsbNMJCgsMDxJXTlMua2V5c1pOUy5vYmplY3RzViRjbGFzc6INDoACgAOiEBGABIAFgAdccmVsYXRpdmVQYXRoWWFsaWFzRGF0YV8QSS4uLy4uLy4uLy4uL3NjaG5laWRlcjQyL0RvY3VtZW50cy9QYXBlcnMyLzIwMTIvSmFzY2hlL2FyWGl2MjAxMkphc2NoZS5wZGbSFwsYGVdOUy5kYXRhTxEBygAAAAABygACAAAMTWFjaW50b3NoIEhEAAAAAAAAAAAAAAAAAAAAzMuoFEgrAAAAU2FUE2FyWGl2MjAxMkphc2NoZS5wZGYAAAAAAAAAAAAAAAAAAAAAAAAAAAAAAAAAAAAAAAAAAAAAAAAAAAAAAAAAAABTYVXLi8k+AAAAAAAAAAAABAAGAAAJIAAAAAAAAAAAAAAAAAAAAAZKYXNjaGUAEAAIAADMzBiUAAAAEQAIAADLjCuuAAAAAQAYAFNhVABTYOQAUzqBAE1+KgBNfikAAgY6AAIAVk1hY2ludG9zaCBIRDpVc2VyczoAc2NobmVpZGVyNDI6AERvY3VtZW50czoAUGFwZXJzMjoAMjAxMjoASmFzY2hlOgBhclhpdjIwMTJKYXNjaGUucGRmAA4AKAATAGEAcgBYAGkAdgAyADAAMQAyAEoAYQBzAGMAaABlAC4AcABkAGYADwAaAAwATQBhAGMAaQBuAHQAbwBzAGgAIABIAEQAEgBDVXNlcnMvc2NobmVpZGVyNDIvRG9jdW1lbnRzL1BhcGVyczIvMjAxMi9KYXNjaGUvYXJYaXYyMDEySmFzY2hlLnBkZgAAEwABLwD//wAAgAbSGxwdHlokY2xhc3NuYW1lWCRjbGFzc2VzXU5TTXV0YWJsZURhdGGjHR8gVk5TRGF0YVhOU09iamVjdNIbHCIjXE5TRGljdGlvbmFyeaIiIF8QD05TS2V5ZWRBcmNoaXZlctEmJ1Ryb290gAEACAARABoAIwAtADIANwBAAEYATQBVAGAAZwBqAGwAbgBxAHMAdQB3AIQAjgDaAN8A5wK1ArcCvALHAtAC3gLiAukC8gL3AwQDBwMZAxwDIQAAAAAAAAIBAAAAAAAAACgAAAAAAAAAAAAAAAAAAAMj},
	Bdsk-Url-1 = {http://adsabs.harvard.edu/cgi-bin/nph-data_query?bibcode=2012arXiv1203.3639J&link_type=ABSTRACT}}

@article{Wandelt:2004ul,
	Abstract = {In this talk I describe MAGIC, an efficient approach to covariance estimation and signal reconstruction for Gaussian random fields (MAGIC Allows Global Inference of Covariance). It solves a long-standing problem in the field of cosmic microwave background (CMB) data analysis but is in fact a general technique that can be applied to noisy, contaminated and incomplete or censored measurements of either spatial or temporal Gaussian random fields. In this talk I will phrase the method in a way that emphasizes its general structure and applicability but I comment on applications in the CMB context. The method allows the exploration of the full non-Gaussian joint posterior density of the signal and parameters in the covariance matrix (such as the power spectrum) given the data. It generalizes the familiar Wiener filter in that it automatically discovers signal correlations in the data as long as a noise model is specified and priors encode what is known about potential contaminants. The key methodological difference is that instead of attempting to evaluate the likelihood (or posterior density) or its derivatives, this method generates an asymptotically exact Monte Carlo sample from it. I present example applications to power spectrum estimation and signal reconstruction from measurements of the CMB. For these applications the method achieves speed-ups of many orders of magnitude compared to likelihood maximization techniques, while offering greater flexibility in modeling and a full characterization of the uncertainty in the estimates.

Published in: ECONF C030908:WELT001,2003},
	Affiliation = {UIUC},
	Annote = {Talk from PhyStat2003, Stanford, Ca, USA, September 2003, 6 pages,
  LaTeX, 3 figures. PSN WELT001. Higher res figure 2 as gzipped postscript file
  at http://www.astro.uiuc.edu/projects/wandelt_research/GEM/maps1.eps.gz},
	Author = {Wandelt, Benjamin D},
	Date-Added = {2015-01-13 17:51:04 +0000},
	Date-Modified = {2015-01-13 17:51:04 +0000},
	Eprint = {astro-ph/0401623v1},
	Eprintclass = {astro-ph},
	Eprinttype = {arxiv},
	File = {{arXiv2004Wandelt.pdf:/Users/schneider42/Documents/Papers2/2004/Wandelt/arXiv2004Wandelt.pdf:application/pdf}},
	Journal = {arXiv.org},
	Local-Url = {file://localhost/Users/schneider42/Documents/Papers2/2004/Wandelt/arXiv2004Wandelt.pdf},
	Month = jan,
	Rating = {0},
	Read = {Yes},
	Title = {{MAGIC: Exact Bayesian Covariance Estimation and Signal Reconstruction for Gaussian Random Fields}},
	Uri = {\url{papers2://publication/uuid/75F6BDB0-BFAF-4210-A2AE-3722AE1184A9}},
	Url = {http://arxiv.org/abs/astro-ph/0401623v1},
	Year = {2004},
	Bdsk-File-1 = {YnBsaXN0MDDUAQIDBAUGJCVYJHZlcnNpb25YJG9iamVjdHNZJGFyY2hpdmVyVCR0b3ASAAGGoKgHCBMUFRYaIVUkbnVsbNMJCgsMDxJXTlMua2V5c1pOUy5vYmplY3RzViRjbGFzc6INDoACgAOiEBGABIAFgAdccmVsYXRpdmVQYXRoWWFsaWFzRGF0YV8QSy4uLy4uLy4uLy4uL3NjaG5laWRlcjQyL0RvY3VtZW50cy9QYXBlcnMyLzIwMDQvV2FuZGVsdC9hclhpdjIwMDRXYW5kZWx0LnBkZtIXCxgZV05TLmRhdGFPEQHSAAAAAAHSAAIAAAxNYWNpbnRvc2ggSEQAAAAAAAAAAAAAAAAAAADMy6gUSCsAABZMAwAUYXJYaXYyMDA0V2FuZGVsdC5wZGYAAAAAAAAAAAAAAAAAAAAAAAAAAAAAAAAAAAAAAAAAAAAAAAAAAAAAAAAAFkwDAcPJcXgAAAAAAAAAAAAEAAYAAAkgAAAAAAAAAAAAAAAAAAAAB1dhbmRlbHQAABAACAAAzMwYlAAAABEACAAAw8nh+AAAAAEAGBZMAwAAUzuuAFM6gQBNfioATX4pAAIGOgACAFhNYWNpbnRvc2ggSEQ6VXNlcnM6AHNjaG5laWRlcjQyOgBEb2N1bWVudHM6AFBhcGVyczI6ADIwMDQ6AFdhbmRlbHQ6AGFyWGl2MjAwNFdhbmRlbHQucGRmAA4AKgAUAGEAcgBYAGkAdgAyADAAMAA0AFcAYQBuAGQAZQBsAHQALgBwAGQAZgAPABoADABNAGEAYwBpAG4AdABvAHMAaAAgAEgARAASAEVVc2Vycy9zY2huZWlkZXI0Mi9Eb2N1bWVudHMvUGFwZXJzMi8yMDA0L1dhbmRlbHQvYXJYaXYyMDA0V2FuZGVsdC5wZGYAABMAAS8A//8AAIAG0hscHR5aJGNsYXNzbmFtZVgkY2xhc3Nlc11OU011dGFibGVEYXRhox0fIFZOU0RhdGFYTlNPYmplY3TSGxwiI1xOU0RpY3Rpb25hcnmiIiBfEA9OU0tleWVkQXJjaGl2ZXLRJidUcm9vdIABAAgAEQAaACMALQAyADcAQABGAE0AVQBgAGcAagBsAG4AcQBzAHUAdwCEAI4A3ADhAOkCvwLBAsYC0QLaAugC7ALzAvwDAQMOAxEDIwMmAysAAAAAAAACAQAAAAAAAAAoAAAAAAAAAAAAAAAAAAADLQ==},
	Bdsk-Url-1 = {http://arxiv.org/abs/astro-ph/0401623v1}}

@article{Wandelt:2003uk,
	Author = {Wandelt, Benjamin D and Larson, David L and Lakshminarayanan, Arun},
	Date-Added = {2015-01-13 17:50:32 +0000},
	Date-Modified = {2015-01-13 17:50:32 +0000},
	Doi = {10.1103/PhysRevD.70.083511},
	File = {{arXiv2004Wandelt-1.pdf:/Users/schneider42/Documents/Papers2/2004/Wandelt/arXiv2004Wandelt-1.pdf:application/pdf}},
	Journal = {arXiv},
	Local-Url = {file://localhost/Users/schneider42/Documents/Papers2/2004/Wandelt/arXiv2004Wandelt-1.pdf},
	Pages = {083511},
	Rating = {0},
	Read = {Yes},
	Title = {{Global, exact cosmic microwave background data analysis using Gibbs sampling}},
	Uri = {\url{papers2://publication/doi/10.1103/PhysRevD.70.083511}},
	Url = {http://arxiv.org/abs/astro-ph/0310080},
	Volume = {D70},
	Year = {2004},
	Bdsk-File-1 = {YnBsaXN0MDDUAQIDBAUGJCVYJHZlcnNpb25YJG9iamVjdHNZJGFyY2hpdmVyVCR0b3ASAAGGoKgHCBMUFRYaIVUkbnVsbNMJCgsMDxJXTlMua2V5c1pOUy5vYmplY3RzViRjbGFzc6INDoACgAOiEBGABIAFgAdccmVsYXRpdmVQYXRoWWFsaWFzRGF0YV8QTS4uLy4uLy4uLy4uL3NjaG5laWRlcjQyL0RvY3VtZW50cy9QYXBlcnMyLzIwMDQvV2FuZGVsdC9hclhpdjIwMDRXYW5kZWx0LTEucGRm0hcLGBlXTlMuZGF0YU8RAdoAAAAAAdoAAgAADE1hY2ludG9zaCBIRAAAAAAAAAAAAAAAAAAAAMzLqBRIKwAAFkwDABZhclhpdjIwMDRXYW5kZWx0LTEucGRmAAAAAAAAAAAAAAAAAAAAAAAAAAAAAAAAAAAAAAAAAAAAAAAAAAAAAAAWTANW0L8IXAAAAAAAAAAAAAQABgAACSAAAAAAAAAAAAAAAAAAAAAHV2FuZGVsdAAAEAAIAADMzBiUAAAAEQAIAADQv3jcAAAAAQAYFkwDAABTO64AUzqBAE1+KgBNfikAAgY6AAIAWk1hY2ludG9zaCBIRDpVc2VyczoAc2NobmVpZGVyNDI6AERvY3VtZW50czoAUGFwZXJzMjoAMjAwNDoAV2FuZGVsdDoAYXJYaXYyMDA0V2FuZGVsdC0xLnBkZgAOAC4AFgBhAHIAWABpAHYAMgAwADAANABXAGEAbgBkAGUAbAB0AC0AMQAuAHAAZABmAA8AGgAMAE0AYQBjAGkAbgB0AG8AcwBoACAASABEABIAR1VzZXJzL3NjaG5laWRlcjQyL0RvY3VtZW50cy9QYXBlcnMyLzIwMDQvV2FuZGVsdC9hclhpdjIwMDRXYW5kZWx0LTEucGRmAAATAAEvAP//AACABtIbHB0eWiRjbGFzc25hbWVYJGNsYXNzZXNdTlNNdXRhYmxlRGF0YaMdHyBWTlNEYXRhWE5TT2JqZWN00hscIiNcTlNEaWN0aW9uYXJ5oiIgXxAPTlNLZXllZEFyY2hpdmVy0SYnVHJvb3SAAQAIABEAGgAjAC0AMgA3AEAARgBNAFUAYABnAGoAbABuAHEAcwB1AHcAhACOAN4A4wDrAskCywLQAtsC5ALyAvYC/QMGAwsDGAMbAy0DMAM1AAAAAAAAAgEAAAAAAAAAKAAAAAAAAAAAAAAAAAAAAzc=},
	Bdsk-Url-1 = {http://arxiv.org/abs/astro-ph/0310080},
	Bdsk-Url-2 = {http://dx.doi.org/10.1103/PhysRevD.70.083511}}

@article {EXAMPLEARTICLE,
     author       = "Authorarticle",
     title        = "{Title}",
     journal      = "Journal",
     volume       = "Volume",
     year         = "Year",
     number       = "Number",
     pages        = "Pages",
     language     = "Language",
     note         = "Note",
     mrnumber     = "MRNumber",
     archive = "Archive",
}

@book {EXAMPLEBOOK,
     author       = "AuthorBook",
     title        = "{Title}",
     edition      = "Edition",
     volume       = "Volume",
     series       = "Series",
     number       = "Number",
     publisher    = "Publisher",
     address      = "Address",
     month        = "month",
     year         = "Year",
     language     = "Language",
     note         = "Note",
     mrnumber     = "MRNumber",
}

@ARTICLE{rp92,
   author = {{Rybicki}, G.~B. and {Press}, W.~H.},
    title = "{Interpolation, realization, and reconstruction of noisy, irregularly sampled data}",
  journal = {\apj},
 keywords = {Data Sampling, Interpolation, Linear Prediction, Reconstruction, Statistical Analysis, Bayes Theorem, Estimators, Monte Carlo Method, Wiener Filtering},
     year = 1992,
    month = oct,
   volume = 398,
    pages = {169-176},
      doi = {10.1086/171845},
   adsurl = {http://adsabs.harvard.edu/abs/1992ApJ...398..169R},
  adsnote = {Provided by the SAO/NASA Astrophysics Data System}
}


@ARTICLE{zaroubietal95,
   author = {{Zaroubi}, S. and {Hoffman}, Y. and {Fisher}, K.~B. and {Lahav}, O.
	},
    title = "{Wiener Reconstruction of the Large-Scale Structure}",
  journal = {\apj},
   eprint = {astro-ph/9410080},
 keywords = {COSMOLOGY: LARGE-SCALE STRUCTURE OF UNIVERSE, COSMOLOGY: THEORY},
     year = 1995,
    month = aug,
   volume = 449,
    pages = {446},
      doi = {10.1086/176070},
   adsurl = {http://adsabs.harvard.edu/abs/1995ApJ...449..446Z},
  adsnote = {Provided by the SAO/NASA Astrophysics Data System}
}

@ARTICLE{jaslav15,
   author = {{Jasche}, J. and {Lavaux}, G.},
    title = "{Matrix-free large-scale Bayesian inference in cosmology}",
  journal = {\mnras},
archivePrefix = "arXiv",
   eprint = {1402.1763},
 primaryClass = "astro-ph.CO",
 keywords = {methods: data analysis, methods: statistical, cosmic background radiation, large-scale structure of Universe},
     year = 2015,
    month = feb,
   volume = 447,
    pages = {1204-1212},
      doi = {10.1093/mnras/stu2479},
   adsurl = {http://adsabs.harvard.edu/abs/2015MNRAS.447.1204J},
  adsnote = {Provided by the SAO/NASA Astrophysics Data System}
}
