@ARTICLE{Abbott1982,
   author = {{Abbott}, L.~F. and {Farhi}, E. and {Wise}, M.~B.},
    title = "{Particle production in the new inflationary cosmology}",
  journal = {Phys. Lett.},
     year = 1982,
    month = {Nov.},
   volume = {B\,117},
    pages = {29-33},
      doi = {10.1016/0370-2693(82)90867-X},
   adsurl = {http://adsabs.harvard.edu/abs/1982PhLB..117...29A},
  adsnote = {Provided by the SAO/NASA Astrophysics Data System}
}

@article{Planck2015maps,
      author         = "Adam, R. and others",
      title          = "{Planck 2015 results. IX. Diffuse component separation:
                        CMB maps}",
      collaboration  = "Planck",
      year           = "2015",
      eprint         = "1502.05956",
      archivePrefix  = "arXiv",
      primaryClass   = "astro-ph.CO",
      SLACcitation   = "%%CITATION = ARXIV:1502.05956;%%"
}

@article{Planck2015cosmopara,
      author         = "Ade, P. A. R. and others",
      title          = "{Planck 2015 results. XIII. Cosmological parameters}",
      collaboration  = "Planck",
      year           = "2015",
      eprint         = "1502.01589",
      archivePrefix  = "arXiv",
      primaryClass   = "astro-ph.CO",
      SLACcitation   = "%%CITATION = ARXIV:1502.01589;%%"
}

@article{Aghanim:2015xee,
      author         = "Aghanim, N. and others",
      title          = "{Planck 2015 results. XI. CMB power spectra, likelihoods,
                        and robustness of parameters}",
      collaboration  = "Planck",
      journal        = "Submitted to: Astron. Astrophys.",
      year           = "2015",
      eprint         = "1507.02704",
      archivePrefix  = "arXiv",
      primaryClass   = "astro-ph.CO",
      SLACcitation   = "%%CITATION = ARXIV:1507.02704;%%"
}

@article{Ade:2015ava,
      author         = "Ade, P. A. R. and others",
      title          = "{Planck 2015 results. XVII. Constraints on primordial
                        non-Gaussianity}",
      collaboration  = "Planck",
      year           = "2015",
      eprint         = "1502.01592",
      archivePrefix  = "arXiv",
      primaryClass   = "astro-ph.CO",
      SLACcitation   = "%%CITATION = ARXIV:1502.01592;%%"
}

@ARTICLE{Alam2015,
   author = {{Alam}, S. and {Albareti}, F.~D. and {Allende Prieto}, C. and
	{Anders}, F. and {Anderson}, S.~F. and {Anderton}, T. and {Andrews}, B.~H. and
	{Armengaud}, E. and {Aubourg}, {\'E}. and {Bailey}, S. and et al.},
    title = "{The Eleventh and Twelfth Data Releases of the Sloan Digital Sky Survey: Final Data from SDSS-III}",
  journal = {Ap. J. Sup. Series},
archivePrefix = "arXiv",
   eprint = {1501.00963},
 primaryClass = "astro-ph.IM",
 keywords = {atlases, catalogs, surveys},
     year = 2015,
    month = jul,
   volume = 219,
      eid = {12},
    pages = {12},
      doi = {10.1088/0067-0049/219/1/12},
   adsurl = {http://adsabs.harvard.edu/abs/2015ApJS..219...12A},
  adsnote = {Provided by the SAO/NASA Astrophysics Data System}
}

@article{Albrecht1982,
  title = {Cosmology for grand unified theories with radiatively induced symmetry breaking},
  author = {Albrecht, Andreas and Steinhardt, Paul J.},
  journal = {Phys. Rev. Lett.},
  volume = {48},
  issue = {17},
  pages = {1220-1223},
  numpages = {0},
  year = {1982},
  month = {Apr.},
  publisher = {American Physical Society},
  doi = {10.1103/PhysRevLett.48.1220},
  url = {http://link.aps.org/doi/10.1103/PhysRevLett.48.1220}
}

@article{Bardeen:1980,
  title = {Gauge-invariant cosmological perturbations},
  author = {Bardeen, James M.},
  journal = {Phys. Rev.},
  volume = {D\,22},
  issue = {8},
  pages = {1882-1905},
  year = {1980},
  month = {Oct},
  publisher = {American Physical Society},
}


@article{Bardeen1983,
	Author = {Bardeen, James M. and Steinhardt, Paul J. and Turner, Michael S.},
	Doi = {10.1103/PhysRevD.28.679},
	Journal = {Phys. Rev.},
	Pages = {679},
	Title = {{Spontaneous Creation of Almost Scale-Free Density Perturbations in an Inflationary Universe}},
	Volume = {D\,28},
	Year = {1983},
	Bdsk-Url-1 = {http://dx.doi.org/10.1103/PhysRevD.28.679}}

@ARTICLE{Blake2011,
   author = {{Blake}, C. and {Kazin}, E.~A. and {Beutler}, F. and {Davis}, T.~M. and
	{Parkinson}, D. and {Brough}, S. and {Colless}, M. and {Contreras}, C. and
	{Couch}, W. and {Croom}, S. and {Croton}, D. and {Drinkwater}, M.~J. and
	{Forster}, K. and {Gilbank}, D. and {Gladders}, M. and {Glazebrook}, K. and
	{Jelliffe}, B. and {Jurek}, R.~J. and {Li}, I.-H. and {Madore}, B. and
	{Martin}, D.~C. and {Pimbblet}, K. and {Poole}, G.~B. and {Pracy}, M. and
	{Sharp}, R. and {Wisnioski}, E. and {Woods}, D. and {Wyder}, T.~K. and
	{Yee}, H.~K.~C.},
    title = "{The WiggleZ Dark Energy Survey: mapping the distance-redshift relation with baryon acoustic oscillations}",
  journal = {MNRAS},
archivePrefix = "arXiv",
   eprint = {1108.2635},
 keywords = {surveys, cosmological parameters, distance scale, large-scale structure of Universe},
     year = 2011,
    month = dec,
   volume = 418,
    pages = {1707-1724},
      doi = {10.1111/j.1365-2966.2011.19592.x},
   adsurl = {http://adsabs.harvard.edu/abs/2011MNRAS.418.1707B},
  adsnote = {Provided by the SAO/NASA Astrophysics Data System}
}

@book{BirrellsBook1984,
  title={Quantum fields in curved space},
  author={Birrell, N.D. and Davies, P.C.W.},
  isbn={9780521278584},
  lccn={81003851},
  series={Cambridge monographs on mathematical physics},
  year={1984},
  publisher={Cambridge University Press}
}

@article{Brandenberger1983,
	title = "An alternate derivation of radiation in an inflationary universe ",
	journal = "Phys. Lett.",
	volume = "B\,129",
	number = "6",
	pages = "397 - 400",
	year = "1983",
	note = "",
	issn = "0370-2693",
	doi = "http://dx.doi.org/10.1016/0370-2693(83)90127-2",
	url = "http://www.sciencedirect.com/science/article/pii/0370269383901272",
	author = "Robert H. Brandenberger"
}

@ARTICLE{Brandenberger1984,
   author = {{Brandenberger}, R.~H.},
    title = "{Quantum fluctuations as the source of classical gravitational perturbations in inflationary universe models}",
  journal = {Nucl. Phys.},
     year = 1984,
   volume = {B\,245},
    pages = {328-342},
      doi = {10.1016/0550-3213(84)90435-8},
   adsurl = {http://adsabs.harvard.edu/abs/1984NuPhB.245..328B},
  adsnote = {Provided by the SAO/NASA Astrophysics Data System}
}


@ARTICLE{Carrasco2012,
   author = {{Carrasco}, J.~J.~M. and {Hertzberg}, M.~P. and {Senatore}, L.
	},
    title = "{The effective field theory of cosmological large scale structures}",
  journal = {JHEP},
archivePrefix = "arXiv",
   eprint = {1206.2926},
 primaryClass = "astro-ph.CO",
 keywords = {Cosmology of Theories beyond the SM, Stochastic Processes, Renormalization Regularization and Renormalons},
     year = 2012,
    month = {Sep.},
   volume = 9,
      eid = {82},
    pages = {82},
   adsurl = {http://adsabs.harvard.edu/abs/2012JHEP...09..082C},
  adsnote = {Provided by the SAO/NASA Astrophysics Data System}
}

@INPROCEEDINGS{Davis2003,
   author = {{Davis}, M. and {Faber}, S.~M. and {Newman}, J. and {Phillips}, A.~C. and
	{Ellis}, R.~S. and {Steidel}, C.~C. and {Conselice}, C. and
	{Coil}, A.~L. and {Finkbeiner}, D.~P. and {Koo}, D.~C. and {Guhathakurta}, P. and
	{Weiner}, B. and {Schiavon}, R. and {Willmer}, C. and {Kaiser}, N. and
	{Luppino}, G.~A. and {Wirth}, G. and {Connolly}, A. and {Eisenhardt}, P. and
	{Cooper}, M. and {Gerke}, B.},
    title = "{Science Objectives and Early Results of the DEEP2 Redshift Survey}",
booktitle = {Discoveries and Research Prospects from 6- to 10-Meter-Class Telescopes II},
     year = 2003,
   series = {Society of Photo-Optical Instrumentation Engineers (SPIE) Conference Series},
   volume = 4834,
   eprint = {astro-ph/0209419},
   editor = {{Guhathakurta}, P.},
    month = {Feb.},
    pages = {161-172},
      doi = {10.1117/12.457897},
   adsurl = {http://adsabs.harvard.edu/abs/2003SPIE.4834..161D},
  adsnote = {Provided by the SAO/NASA Astrophysics Data System}
}

@ARTICLE{DES2005,
   author = {{The Dark Energy Survey Collaboration}},
    title = "{The Dark Energy Survey}",
  journal = {ArXiv Astrophysics e-prints},
   eprint = {astro-ph/0510346},
 keywords = {Astrophysics},
     year = 2005,
    month = {Oct.},
   adsurl = {http://adsabs.harvard.edu/abs/2005astro.ph.10346T},
  adsnote = {Provided by the SAO/NASA Astrophysics Data System}
}

@ARTICLE{Faber2007,
   author = {{Faber}, S.~M. and {Willmer}, C.~N.~A. and {Wolf}, C. and {Koo}, D.~C. and
	{Weiner}, B.~J. and {Newman}, J.~A. and {Im}, M. and {Coil}, A.~L. and
	{Conroy}, C. and {Cooper}, M.~C. and {Davis}, M. and {Finkbeiner}, D.~P. and
	{Gerke}, B.~F. and {Gebhardt}, K. and {Groth}, E.~J. and {Guhathakurta}, P. and
	{Harker}, J. and {Kaiser}, N. and {Kassin}, S. and {Kleinheinrich}, M. and
	{Konidaris}, N.~P. and {Kron}, R.~G. and {Lin}, L. and {Luppino}, G. and
	{Madgwick}, D.~S. and {Meisenheimer}, K. and {Noeske}, K.~G. and
	{Phillips}, A.~C. and {Sarajedini}, V.~L. and {Schiavon}, R.~P. and
	{Simard}, L. and {Szalay}, A.~S. and {Vogt}, N.~P. and {Yan}, R.
	},
    title = "{Galaxy Luminosity Functions to z\~{}1 from DEEP2 and COMBO-17: Implications for Red Galaxy Formation}",
  journal = {Ap. J.},
   eprint = {astro-ph/0506044},
 keywords = {Galaxies: Distances and Redshifts, Galaxies: Evolution, Galaxies: Luminosity Function, Mass Function},
     year = 2007,
    month = {Aug.},
   volume = 665,
    pages = {265-294},
      doi = {10.1086/519294},
   adsurl = {http://adsabs.harvard.edu/abs/2007ApJ...665..265F},
  adsnote = {Provided by the SAO/NASA Astrophysics Data System}
}



@article{Frith:2005az,
      author         = "Frith, William J. and Outram, P. J. and Shanks, T.",
      title          = "{The 2MASS galaxy angular power spectrum: Probing the
                        galaxy distribution to gigaparsec scales}",
      journal        = "MNRAS",
      volume         = "364",
      year           = "2005",
      pages          = "593-600",
      doi            = "10.1111/j.1365-2966.2005.09571.x",
      eprint         = "astro-ph/0507215",
      archivePrefix  = "arXiv",
      primaryClass   = "astro-ph"
}

@ARTICLE{Frith2005,
   author = {{Frith}, W.~J. and {Shanks}, T. and {Outram}, P.~J.},
    title = "{2MASS constraints on the local large-scale structure: a challenge to {$\Lambda$}CDM?}",
  journal = {MNRAS},
   eprint = {astro-ph/0411204},
 keywords = {surveys, galaxies: photometry, cosmology: observations, large-scale structure of Universe, infrared: galaxies},
     year = 2005,
    month = {Aug.},
   volume = 361,
    pages = {701-709},
      doi = {10.1111/j.1365-2966.2005.09200.x},
   adsurl = {http://adsabs.harvard.edu/abs/2005MNRAS.361..701F},
  adsnote = {Provided by the SAO/NASA Astrophysics Data System}
}

@ARTICLE{Scoville2007,
   author = {{Scoville}, N. and {Aussel}, H. and {Brusa}, M. and {Capak}, P. and
	{Carollo}, C.~M. and {Elvis}, M. and {Giavalisco}, M. and {Guzzo}, L. and
	{Hasinger}, G. and {Impey}, C. and {Kneib}, J.-P. and {LeFevre}, O. and
	{Lilly}, S.~J. and {Mobasher}, B. and {Renzini}, A. and {Rich}, R.~M. and
	{Sanders}, D.~B. and {Schinnerer}, E. and {Schminovich}, D. and
	{Shopbell}, P. and {Taniguchi}, Y. and {Tyson}, N.~D.},
    title = "{The Cosmic Evolution Survey (COSMOS): Overview}",
  journal = {Ap. J. Supp.},
   eprint = {astro-ph/0612305},
 keywords = {Cosmology: Observations, Cosmology: Dark Matter, Galaxies: Evolution, Galaxies: Formation, Cosmology: Large-Scale Structure of Universe, Surveys},
     year = 2007,
    month = {Sep.},
   volume = 172,
    pages = {1-8},
      doi = {10.1086/516585},
   adsurl = {http://adsabs.harvard.edu/abs/2007ApJS..172....1S},
  adsnote = {Provided by the SAO/NASA Astrophysics Data System}
}

@ARTICLE{Skrutskie2006,
   author = {{Skrutskie}, M.~F. and {Cutri}, R.~M. and {Stiening}, R. and
	{Weinberg}, M.~D. and {Schneider}, S. and {Carpenter}, J.~M. and
	{Beichman}, C. and {Capps}, R. and {Chester}, T. and {Elias}, J. and
	{Huchra}, J. and {Liebert}, J. and {Lonsdale}, C. and {Monet}, D.~G. and
	{Price}, S. and {Seitzer}, P. and {Jarrett}, T. and {Kirkpatrick}, J.~D. and
	{Gizis}, J.~E. and {Howard}, E. and {Evans}, T. and {Fowler}, J. and
	{Fullmer}, L. and {Hurt}, R. and {Light}, R. and {Kopan}, E.~L. and
	{Marsh}, K.~A. and {McCallon}, H.~L. and {Tam}, R. and {Van Dyk}, S. and
	{Wheelock}, S.},
    title = "{The Two Micron All Sky Survey (2MASS)}",
  journal = {Ap. J.},
 keywords = {Catalogs, Infrared: General, Surveys},
     year = 2006,
    month = {Feb.},
   volume = 131,
    pages = {1163-1183},
      doi = {10.1086/498708},
   adsurl = {http://adsabs.harvard.edu/abs/2006AJ....131.1163S},
  adsnote = {Provided by the SAO/NASA Astrophysics Data System}
}

@ARTICLE{Giavalisco2004,
   author = {{Giavalisco}, M. and {Ferguson}, H.~C. and {Koekemoer}, A.~M. and
	{Dickinson}, M. and {Alexander}, D.~M. and {Bauer}, F.~E. and
	{Bergeron}, J. and {Biagetti}, C. and {Brandt}, W.~N. and {Casertano}, S. and
	{Cesarsky}, C. and {Chatzichristou}, E. and {Conselice}, C. and
	{Cristiani}, S. and {Da Costa}, L. and {Dahlen}, T. and {de Mello}, D. and
	{Eisenhardt}, P. and {Erben}, T. and {Fall}, S.~M. and {Fassnacht}, C. and
	{Fosbury}, R. and {Fruchter}, A. and {Gardner}, J.~P. and {Grogin}, N. and
	{Hook}, R.~N. and {Hornschemeier}, A.~E. and {Idzi}, R. and
	{Jogee}, S. and {Kretchmer}, C. and {Laidler}, V. and {Lee}, K.~S. and
	{Livio}, M. and {Lucas}, R. and {Madau}, P. and {Mobasher}, B. and
	{Moustakas}, L.~A. and {Nonino}, M. and {Padovani}, P. and {Papovich}, C. and
	{Park}, Y. and {Ravindranath}, S. and {Renzini}, A. and {Richardson}, M. and
	{Riess}, A. and {Rosati}, P. and {Schirmer}, M. and {Schreier}, E. and
	{Somerville}, R.~S. and {Spinrad}, H. and {Stern}, D. and {Stiavelli}, M. and
	{Strolger}, L. and {Urry}, C.~M. and {Vandame}, B. and {Williams}, R. and
	{Wolf}, C.},
    title = "{The Great Observatories Origins Deep Survey: Initial Results from Optical and Near-Infrared Imaging}",
  journal = {Ap. J. Lett.},
   eprint = {astro-ph/0309105},
 keywords = {Cosmology: Observations, Galaxies: Distances and Redshifts, Galaxies: Evolution, Galaxies: Formation},
     year = 2004,
    month = {Jan.},
   volume = 600,
    pages = {L93-L98},
      doi = {10.1086/379232},
   adsurl = {http://adsabs.harvard.edu/abs/2004ApJ...600L..93G},
  adsnote = {Provided by the SAO/NASA Astrophysics Data System}
}

@article{Gordon2000,
	Archiveprefix = {arXiv},
	Author = {Gordon, Christopher and Wands, David and Bassett, Bruce A. and Maartens, Roy},
	Doi = {10.1103/PhysRevD.63.023506},
	Eprint = {astro-ph/0009131},
	Journal = {Phys. Rev.},
	Pages = {023506},
	Primaryclass = {astro-ph},
	Slaccitation = {%%CITATION = ASTRO-PH/0009131;%%},
	Title = {{Adiabatic and entropy perturbations from inflation}},
	Volume = {D\,63},
	Year = {2001},
	Bdsk-Url-1 = {http://dx.doi.org/10.1103/PhysRevD.63.023506}}

@ARTICLE{Guth1981,
   author = {{Guth}, A.~H.},
    title = "{Inflationary universe: A possible solution to the horizon and flatness problems}",
  journal = {Phys. Rev.},
     year = 1981,
    month = {Jan.},
   volume = {D\,23},
    pages = {347-356},
      doi = {10.1103/PhysRevD.23.347},
   adsurl = {http://adsabs.harvard.edu/abs/1981PhRvD..23..347G},
  adsnote = {Provided by the SAO/NASA Astrophysics Data System}
}

@article{Guth1982,
	Author = {Guth, Alan H. and Pi, S. Y.},
	Doi = {10.1103/PhysRevLett.49.1110},
	Journal = {Phys. Rev. Lett.},
	Pages = {1110-1113},
	Slaccitation = {%%CITATION = PRLTA,49,1110;%%},
	Title = {{Fluctuations in the new inflationary Universe}},
	Volume = {49},
	Year = {1982},
	Bdsk-Url-1 = {http://dx.doi.org/10.1103/PhysRevLett.49.1110}
}

@article{Harrison1970,
  title = {Fluctuations at the Threshold of Classical Cosmology},
  author = {Harrison, E. R.},
  journal = {Phys. Rev.},
  volume = {D\,1},
  issue = {10},
  pages = {2726-2730},
  numpages = {0},
  year = {1970},
  month = {May},
  publisher = {American Physical Society},
  doi = {10.1103/PhysRevD.1.2726},
  url = {http://link.aps.org/doi/10.1103/PhysRevD.1.2726}
}


@article{Hawking1982,
	title = "The development of irregularities in a single bubble inflationary universe ",
	journal = "Phys. Lett.",
	volume = "B\,115",
	number = "4",
	pages = "295 - 297",
	year = "1982",
	author = "S.W. Hawking"
}



@ARTICLE{Ivezc2002,
   author = {{Ivezi{\'c}}, {\v Z}. and {Menou}, K. and {Knapp}, G.~R. and
	{Strauss}, M.~A. and {Lupton}, R.~H. and {Vanden Berk}, D.~E. and
	{Richards}, G.~T. and {Tremonti}, C. and {Weinstein}, M.~A. and
	{Anderson}, S. and {Bahcall}, N.~A. and {Becker}, R.~H. and
	{Bernardi}, M. and {Blanton}, M. and {Eisenstein}, D. and {Fan}, X. and
	{Finkbeiner}, D. and {Finlator}, K. and {Frieman}, J. and {Gunn}, J.~E. and
	{Hall}, P.~B. and {Kim}, R.~S.~J. and {Kinkhabwala}, A. and
	{Narayanan}, V.~K. and {Rockosi}, C.~M. and {Schlegel}, D. and
	{Schneider}, D.~P. and {Strateva}, I. and {SubbaRao}, M. and
	{Thakar}, A.~R. and {Voges}, W. and {White}, R.~L. and {Yanny}, B. and
	{Brinkmann}, J. and {Doi}, M. and {Fukugita}, M. and {Hennessy}, G.~S. and
	{Munn}, J.~A. and {Nichol}, R.~C. and {York}, D.~G.},
    title = "{Optical and Radio Properties of Extragalactic Sources Observed by the FIRST Survey and the Sloan Digital Sky Survey}",
  journal = {Ap. J.},
   eprint = {astro-ph/0202408},
 keywords = {Galaxies: Active, Galaxies: Photometry, Galaxies: Quasars: General, Radio Continuum},
     year = 2002,
    month = nov,
   volume = 124,
    pages = {2364-2400},
      doi = {10.1086/344069},
   adsurl = {http://adsabs.harvard.edu/abs/2002AJ....124.2364I},
  adsnote = {Provided by the SAO/NASA Astrophysics Data System}
}

@INPROCEEDINGS{Kaiser2002,
   author = {{Kaiser}, N. and {Aussel}, H. and {Burke}, B.~E. and {Boesgaard}, H. and
	{Chambers}, K. and {Chun}, M.~R. and {Heasley}, J.~N. and {Hodapp}, K.-W. and
	{Hunt}, B. and {Jedicke}, R. and {Jewitt}, D. and {Kudritzki}, R. and
	{Luppino}, G.~A. and {Maberry}, M. and {Magnier}, E. and {Monet}, D.~G. and
	{Onaka}, P.~M. and {Pickles}, A.~J. and {Rhoads}, P.~H.~H. and
	{Simon}, T. and {Szalay}, A. and {Szapudi}, I. and {Tholen}, D.~J. and
	{Tonry}, J.~L. and {Waterson}, M. and {Wick}, J.},
    title = "{Pan-STARRS: A Large Synoptic Survey Telescope Array}",
booktitle = {Survey and Other Telescope Technologies and Discoveries},
     year = 2002,
   series = {Society of Photo-Optical Instrumentation Engineers (SPIE) Conference Series},
   volume = 4836,
   editor = {{Tyson}, J.~A. and {Wolff}, S.},
    month = dec,
    pages = {154-164},
      doi = {10.1117/12.457365},
   adsurl = {http://adsabs.harvard.edu/abs/2002SPIE.4836..154K},
  adsnote = {Provided by the SAO/NASA Astrophysics Data System}
}

@INPROCEEDINGS{Kaiser2010,
   author = {{Kaiser}, N. and {Burgett}, W. and {Chambers}, K. and {Denneau}, L. and
	{Heasley}, J. and {Jedicke}, R. and {Magnier}, E. and {Morgan}, J. and
	{Onaka}, P. and {Tonry}, J.},
    title = "{The Pan-STARRS wide-field optical/NIR imaging survey}",
booktitle = {Society of Photo-Optical Instrumentation Engineers (SPIE) Conference Series},
     year = 2010,
   series = {Society of Photo-Optical Instrumentation Engineers (SPIE) Conference Series},
   volume = 7733,
    month = jul,
      eid = {77330E},
    pages = {0},
      doi = {10.1117/12.859188},
   adsurl = {http://adsabs.harvard.edu/abs/2010SPIE.7733E..0EK},
  adsnote = {Provided by the SAO/NASA Astrophysics Data System}
}

@ARTICLE{Lifshitz1946,
   author = {{Lifshitz}, E.~M.},
    title = "{On the gravitational stability of the expanding universe}",
  journal = {Zhurnal Eksperimentalnoi i Teoreticheskoi Fiziki},
     year = 1946,
   volume = 16,
    pages = {587-602},
   adsurl = {http://adsabs.harvard.edu/abs/1946ZhETF..16..587L},
  adsnote = {Provided by the SAO/NASA Astrophysics Data System}
}

@article{Lifshitz1963,
  author={Lifshitz, E. M. and Khalatnikov, I. M.},
  title={Investigations in relativistic cosmology},
  journal={Advan. in Phys.},
  volume={12},
  issue={46},
  pages={185-249},
  year={1963}
}

@ARTICLE{Linde1982a,
   author = {{Linde}, A.~D.},
    title = "{A new inflationary universe scenario: A possible solution of the horizon, flatness, homogeneity, isotropy and primordial monopole problems}",
  journal = {Phys. Lett.},
     year = 1982,
    month = {Feb.},
   volume = {B\,108},
    pages = {389-393},
      doi = {10.1016/0370-2693(82)91219-9},
   adsurl = {http://adsabs.harvard.edu/abs/1982PhLB..108..389L},
  adsnote = {Provided by the SAO/NASA Astrophysics Data System}
}

@article{Linde1982b,
	title = "Coleman-Weinberg theory and the new inflationary universe scenario",
	journal = "Phys. Lett.",
	volume = "B\,114",
	number = "6",
	pages = "431 - 435",
	year = "1982",
	note = "",
	issn = "0370-2693",
	doi = "DOI: 10.1016/0370-2693(82)90086-7",
	url = "http://www.sciencedirect.com/science/article/pii/0370269382900867",
	author = "A. D. Linde"
}


@article{Linde1983,
	title = "Chaotic inflation",
	journal = "Phys. Lett.",
	volume = "B\,129",
	number = "3-4",
	pages = "177 - 181",
	year = "1983",
	note = "",
	issn = "0370-2693",
	doi = "DOI: 10.1016/0370-2693(83)90837-7",
	url = "http://www.sciencedirect.com/science/article/pii/0370269383908377",
	author = "A. D. Linde"
}

@article{Linde1986a,
	Author = {Linde, A.D.},
	Journal = {Mod. Phys. Lett.},
	Number = {02},
	Pages = {81-85},
	Title = {Eternal Chaotic Inflation},
	Volume = {A\,01},
	Year = {1986}}

@article{Linde1986b,
	Author = {A.D. Linde},
	Journal = {Phys. Lett.},
	Number = {4},
	Pages = {395 - 400},
	Title = {Eternally existing self-reproducing chaotic inflanationary universe},
	Volume = {B\,175},
	Year = {1986}}

@article{Linde1993,
	Archiveprefix = {arXiv},
	Author = {Linde, Andrei D.},
	Doi = {10.1103/PhysRevD.49.748},
	Eprint = {astro-ph/9307002},
	Journal = {Phys. Rev.},
	Pages = {748-754},
	Slaccitation = {%%CITATION = ASTRO-PH/9307002;%%},
	Title = {{Hybrid inflation}},
	Volume = {D\,49},
	Year = {1994},
	Bdsk-Url-1 = {http://dx.doi.org/10.1103/PhysRevD.49.748}}

@article{Malik2008,
	Archiveprefix = {arXiv},
	Author = {Malik, Karim A. and Wands, David},
	Doi = {10.1016/j.physrep.2009.03.001},
	Eprint = {0809.4944},
	Journal = {Phys. Rept.},
	Pages = {1-51},
	Primaryclass = {astro-ph},
	Slaccitation = {%%CITATION = ARXIV:0809.4944;%%},
	Title = {{Cosmological perturbations}},
	Volume = {475},
	Year = {2009},
	Bdsk-Url-1 = {http://dx.doi.org/10.1016/j.physrep.2009.03.001}}

@article{Moss1985,
	title = "Primordial inflation with spontaneous symmetry breaking",
	journal = "Phys. Lett.",
	volume = "B\,154",
	number = "2-3",
	pages = "120 - 124",
	year = "1985",
	note = "",
	issn = "0370-2693",
	doi = "DOI: 10.1016/0370-2693(85)90570-2",
	url = "http://www.sciencedirect.com/science/article/pii/0370269385905702",
	author = "I. G. Moss"
}


@article{Mukhanov:1981xt,
	Author = {Mukhanov, Viatcheslav F. and Chibisov, G.V.},
	Journal = {JETP Lett.},
	Pages = {532-535},
	Title = {{Quantum fluctuation and nonsingular Universe. (In Russian)}},
	Volume = {33},
	Year = {1981}}

@article{Mukhanov:1982nu,
	Author = {Mukhanov, Viatcheslav F. and Chibisov, G.V.},
	Journal = {Sov. Phys. JETP},
	Pages = {258-265},
	Title = {{The vacuum energy and large scale structure of the universe}},
	Volume = {56},
	Year = {1982}}

@ARTICLE{Mukhanov1985,
   author = {{Mukhanov}, V.~F.},
    title = "{Gravitational instability of the universe filled with a scalar field}",
  journal = {Sov. Phys. Lett.-JETP Lett.},
     year = 1985,
    month = may,
   volume = 41,
    pages = {493},
   adsurl = {http://adsabs.harvard.edu/abs/1985JETPL..41..493M},
  adsnote = {Provided by the SAO/NASA Astrophysics Data System}
}

@ARTICLE{Mukhanov1988,
   author = {{Mukhanov}, V.~F.},
    title = "{The quantum theory of gauge-invariant cosmological perturbations}",
  journal = {Zhurnal Eksperimental noi i Teoreticheskoi Fiziki},
 keywords = {COSMOLOGY, GAUGE INVARIANCE, METRIC SPACE, PERTURBATION THEORY, QUANTUM THEORY, COMPUTATIONAL ASTROPHYSICS, EVOLUTION (DEVELOPMENT), FIELD THEORY (PHYSICS), ISOTROPIC MEDIA, NUMERICAL STABILITY},
     year = 1988,
    month = {Jul.},
   volume = 94,
    pages = {1-11},
   adsurl = {http://adsabs.harvard.edu/abs/1988ZhETF..94....1M},
  adsnote = {Provided by the SAO/NASA Astrophysics Data System}
}

@article{Planck2013,
	Author = {P. Ade et al. (Planck Collaboration)},
	Title = {Planck 2013 results. I-XXIX. 29 papers},
	volume = {571},
	issue = {Planck 2013 results},
	journal = { \mbox{A\&A}},
	pages={A1-A31},
	Year = {2014},
	month={nov}
}

@article{Press1980,
  	author={William H Press},
  	title={Spontaneous production of the Zel'dovich spectrum of cosmological fluctuations},
  	journal={Physica Scripta},
  	volume={21},
  	number={5},
  	pages={702},
  	url={http://stacks.iop.org/1402-4896/21/i=5/a=021},
  	year={1980},
 }

@ARTICLE{Sachs1967,
   author = {{Sachs}, R.~K. and {Wolfe}, A.~M.},
    title = "{Perturbations of a Cosmological Model and Angular Variations of the Microwave Background}",
  journal = {Ap.\,J},
     year = 1967,
    month = jan,
   volume = 147,
    pages = {73},
      doi = {10.1086/148982},
   adsurl = {http://adsabs.harvard.edu/abs/1967ApJ...147...73S},
  adsnote = {Provided by the SAO/NASA Astrophysics Data System}
}

@ARTICLE{Sasaki1986,
   author = {{Sasaki}, M.},
    title = "{Large Scale Quantum Fluctuations in the Inflationary Universe}",
  journal = {Prog. Theor. Phys.},
     year = 1986,
    month = {Nov.},
   volume = 76,
    pages = {1036-1046},
      doi = {10.1143/PTP.76.1036},
   adsurl = {http://adsabs.harvard.edu/abs/1986PThPh..76.1036S},
  adsnote = {Provided by the SAO/NASA Astrophysics Data System}
}

@ARTICLE{Sato1981,
   author = {{Sato}, K.},
    title = "{First-order phase transition of a vacuum and the expansion of the Universe}",
  journal = {MNRAS},
 keywords = {Cosmology, Expansion, Gauge Theory, Phase Transformations, Universe, Vacuum, Baryons, Bubbles, Fluctuation Theory, Galactic Evolution, Nucleation, Photons},
     year = 1981,
    month = {May},
   volume = 195,
    pages = {467-479},
   adsurl = {http://adsabs.harvard.edu/abs/1981MNRAS.195..467S},
  adsnote = {Provided by the SAO/NASA Astrophysics Data System}
}

@book{Schneider2015,
	author={Schneider, Peter},
	title={Extragalactic astronomy and cosmology: An introduction},
	 isbn={9783642540837},
  series={SpringerLink : B{\"u}cher},
   year={2014},
  publisher={Springer Berlin Heidelberg},
  pages={626}
}



@article{Starobinsky1982,
	Author = {Starobinsky, Alexei A.},
	Doi = {10.1016/0370-2693(82)90541-X},
	Journal = {Phys. Lett.},
	Pages = {175-178},
	Slaccitation = {%%CITATION = PHLTA,B117,175;%%},
	Title = {{Dynamics of phase transition in the new inflationary Universe scenario and generation of perturbations}},
	Volume = {B\,117},
	Year = {1982},
	Bdsk-Url-1 = {http://dx.doi.org/10.1016/0370-2693(82)90541-X}
}

@article{Suyu2006,
      author         = "Suyu, Sherry H. and Marshall, P. J. and Hobson, M. P. and
                        Blandford, R. D.",
      title          = "{A bayesian analysis of regularised source inversions in
                        gravitational lensing}",
      journal        = "MNRAS",
      volume         = "371",
      year           = "2006",
      pages          = "983-998",
      doi            = "10.1111/j.1365-2966.2006.10733.x",
      eprint         = "astro-ph/0601493",
      archivePrefix  = "arXiv",
      primaryClass   = "astro-ph",
      reportNumber   = "SLAC-PUB-11658",
}

@ARTICLE{Turner1983,
   author = {{Turner}, M.~S.},
    title = "{Coherent scalar-field oscillations in an expanding universe}",
  journal = {Phys. Rev.},
     year = 1983,
    month = {Sep.},
   volume = {D\,28},
    pages = {1243-1247},
      doi = {10.1103/PhysRevD.28.1243},
   adsurl = {http://adsabs.harvard.edu/abs/1983PhRvD..28.1243T},
  adsnote = {Provided by the SAO/NASA Astrophysics Data System}
}

@book{Weinberg2008,
	author={Weinberg, Steven},
	title={Cosmology},
	year={2008},
	publisher={OUP Oxford},
	 isbn={9780191523601},
  	series={Cosmology},
	pages={616}
}

@article{Zeldovich1972a,
	year={1972},
	issn={0033-8443},
	journal={Radiophysics and Quantum Electronics},
	volume={15},
	number={2},
	doi={10.1007/BF02209105},
	title={The observation of fluctuations of relict radio emission as a method of distinguishing adiabatic perturbations from other forms of perturbations of material density in the universe which lead to galaxy formation},
	url={http://dx.doi.org/10.1007/BF02209105},
	publisher={Kluwer Academic Publishers-Plenum Publishers},
	author={Zel'dovich, YaB. and Rakhmatulina, A.Kh. and Syunyaev, R.A.},
	pages={121-128},
	language={English}
}

@article{Zeldovich1972,
	year={1972},
	month={Mar.},
	journal={MNRAS},
	volume={160},
	issue={1},
	title={A Hypothesis, Unifying the Structure and the Entropy of the Universe},
	url={http://dx.doi.org/10.1007/BF02209105},
	author={Zel'dovich, Ya B.},
	pages={1-3}
}

@ARTICLE{LSSTSciBook,
   author = {{LSST Science Collaboration} and {Abell}, P.~A. and {Allison}, J. and
	{Anderson}, S.~F. and {Andrew}, J.~R. and {Angel}, J.~R.~P. and
	{Armus}, L. and {Arnett}, D. and {Asztalos}, S.~J. and {Axelrod}, T.~S. and et al.},
    title = "{LSST Science Book, Version 2.0}",
  journal = {ArXiv e-prints},
archivePrefix = "arXiv",
   eprint = {0912.0201},
 primaryClass = "astro-ph.IM",
 keywords = {Astrophysics - Instrumentation and Methods for Astrophysics, Astrophysics - Cosmology and Extragalactic Astrophysics, Astrophysics - Earth and Planetary Astrophysics, Astrophysics - Galaxy Astrophysics, Astrophysics - Solar and Stellar Astrophysics},
     year = 2009,
    month = dec,
   adsurl = {http://adsabs.harvard.edu/abs/2009arXiv0912.0201L},
  adsnote = {Provided by the SAO/NASA Astrophysics Data System}
}

@ARTICLE{EuclidSciBook,
   author = {{Refregier}, A. and {Amara}, A. and {Kitching}, T.~D. and {Rassat}, A. and
	{Scaramella}, R. and {Weller}, J. and {Euclid Imaging Consortium}, f.~t.
	},
    title = "{Euclid Imaging Consortium Science Book}",
  journal = {ArXiv e-prints},
archivePrefix = "arXiv",
   eprint = {1001.0061},
 primaryClass = "astro-ph.IM",
 keywords = {Astrophysics - Instrumentation and Methods for Astrophysics, Astrophysics - Cosmology and Extragalactic Astrophysics},
     year = 2010,
    month = jan,
   adsurl = {http://adsabs.harvard.edu/abs/2010arXiv1001.0061R},
  adsnote = {Provided by the SAO/NASA Astrophysics Data System}
}

@ARTICLE{JainEtal2015,
   author = {{Jain}, B. and {Spergel}, D. and {Bean}, R. and {Connolly}, A. and
	{Dell'antonio}, I. and {Frieman}, J. and {Gawiser}, E. and {Gehrels}, N. and
	{Gladney}, L. and {Heitmann}, K. and {Helou}, G. and {Hirata}, C. and
	{Ho}, S. and {Ivezi{\'c}}, {\v Z}. and {Jarvis}, M. and {Kahn}, S. and
	{Kalirai}, J. and {Kim}, A. and {Lupton}, R. and {Mandelbaum}, R. and
	{Marshall}, P. and {Newman}, J.~A. and {Perlmutter}, S. and
	{Postman}, M. and {Rhodes}, J. and {Strauss}, M.~A. and {Tyson}, J.~A. and
	{Walkowicz}, L. and {Wood-Vasey}, W.~M.},
    title = "{The Whole is Greater than the Sum of the Parts: Optimizing the Joint Science Return from LSST, Euclid and WFIRST}",
  journal = {ArXiv e-prints},
archivePrefix = "arXiv",
   eprint = {1501.07897},
 primaryClass = "astro-ph.IM",
 keywords = {Astrophysics - Instrumentation and Methods for Astrophysics, Astrophysics - Cosmology and Nongalactic Astrophysics},
     year = 2015,
    month = jan,
   adsurl = {http://adsabs.harvard.edu/abs/2015arXiv150107897J},
  adsnote = {Provided by the SAO/NASA Astrophysics Data System}
}

@ARTICLE{WFIRSTReport2015,
   author = {{Spergel}, D. and {Gehrels}, N. and {Baltay}, C. and {Bennett}, D. and
	{Breckinridge}, J. and {Donahue}, M. and {Dressler}, A. and
	{Gaudi}, B.~S. and {Greene}, T. and {Guyon}, O. and {Hirata}, C. and
	{Kalirai}, J. and {Kasdin}, N.~J. and {Macintosh}, B. and {Moos}, W. and
	{Perlmutter}, S. and {Postman}, M. and {Rauscher}, B. and {Rhodes}, J. and
	{Wang}, Y. and {Weinberg}, D. and {Benford}, D. and {Hudson}, M. and
	{Jeong}, W.-S. and {Mellier}, Y. and {Traub}, W. and {Yamada}, T. and
	{Capak}, P. and {Colbert}, J. and {Masters}, D. and {Penny}, M. and
	{Savransky}, D. and {Stern}, D. and {Zimmerman}, N. and {Barry}, R. and
	{Bartusek}, L. and {Carpenter}, K. and {Cheng}, E. and {Content}, D. and
	{Dekens}, F. and {Demers}, R. and {Grady}, K. and {Jackson}, C. and
	{Kuan}, G. and {Kruk}, J. and {Melton}, M. and {Nemati}, B. and
	{Parvin}, B. and {Poberezhskiy}, I. and {Peddie}, C. and {Ruffa}, J. and
	{Wallace}, J.~K. and {Whipple}, A. and {Wollack}, E. and {Zhao}, F.
	},
    title = "{Wide-Field InfrarRed Survey Telescope-Astrophysics Focused Telescope Assets WFIRST-AFTA 2015 Report}",
  journal = {ArXiv e-prints},
archivePrefix = "arXiv",
   eprint = {1503.03757},
 primaryClass = "astro-ph.IM",
 keywords = {Astrophysics - Instrumentation and Methods for Astrophysics},
     year = 2015,
    month = mar,
   adsurl = {http://adsabs.harvard.edu/abs/2015arXiv150303757S},
  adsnote = {Provided by the SAO/NASA Astrophysics Data System}
}

@ARTICLE{DESIWhitePaper,
   author = {{Levi}, M. and {Bebek}, C. and {Beers}, T. and {Blum}, R. and
	{Cahn}, R. and {Eisenstein}, D. and {Flaugher}, B. and {Honscheid}, K. and
	{Kron}, R. and {Lahav}, O. and {McDonald}, P. and {Roe}, N. and
	{Schlegel}, D. and {representing the DESI collaboration}},
    title = "{The DESI Experiment, a whitepaper for Snowmass 2013}",
  journal = {ArXiv e-prints},
archivePrefix = "arXiv",
   eprint = {1308.0847},
 primaryClass = "astro-ph.CO",
 keywords = {Astrophysics - Cosmology and Extragalactic Astrophysics, Astrophysics - Instrumentation and Methods for Astrophysics},
     year = 2013,
    month = aug,
   adsurl = {http://adsabs.harvard.edu/abs/2013arXiv1308.0847L},
  adsnote = {Provided by the SAO/NASA Astrophysics Data System}
}

@ARTICLE{LSSTOverviewPaper,
   author = {{Ivezic}, Z. and {Tyson}, J.~A. and {Abel}, B. and {Acosta}, E. and
	{Allsman}, R. and {AlSayyad}, Y. and {Anderson}, S.~F. and {Andrew}, J. and
	{Angel}, R. and {Angeli}, G. and {Ansari}, R. and {Antilogus}, P. and
	{Arndt}, K.~T. and {Astier}, P. and {Aubourg}, E. and {Axelrod}, T. and
	{Bard}, D.~J. and {Barr}, J.~D. and {Barrau}, A. and {Bartlett}, J.~G. and
	{Bauman}, B.~J. and {Beaumont}, S. and {Becker}, A.~C. and {Becla}, J. and
	{Beldica}, C. and {Bellavia}, S. and {Blanc}, G. and {Blandford}, R.~D. and
	{Bloom}, J.~S. and {Bogart}, J. and {Borne}, K. and {Bosch}, J.~F. and
	{Boutigny}, D. and {Brandt}, W.~N. and {Brown}, M.~E. and {Bullock}, J.~S. and
	{Burchat}, P. and {Burke}, D.~L. and {Cagnoli}, G. and {Calabrese}, D. and
	{Chandrasekharan}, S. and {Chesley}, S. and {Cheu}, E.~C. and
	{Chiang}, J. and {Claver}, C.~F. and {Connolly}, A.~J. and {Cook}, K.~H. and
	{Cooray}, A. and {Covey}, K.~R. and {Cribbs}, C. and {Cui}, W. and
	{Cutri}, R. and {Daubard}, G. and {Daues}, G. and {Delgado}, F. and
	{Digel}, S. and {Doherty}, P. and {Dubois}, R. and {Dubois-Felsmann}, G.~P. and
	{Durech}, J. and {Eracleous}, M. and {Ferguson}, H. and {Frank}, J. and
	{Freemon}, M. and {Gangler}, E. and {Gawiser}, E. and {Geary}, J.~C. and
	{Gee}, P. and {Geha}, M. and {Gibson}, R.~R. and {Gilmore}, D.~K. and
	{Glanzman}, T. and {Goodenow}, I. and {Gressler}, W.~J. and
	{Gris}, P. and {Guyonnet}, A. and {Hascall}, P.~A. and {Haupt}, J. and
	{Hernandez}, F. and {Hogan}, C. and {Huang}, D. and {Huffer}, M.~E. and
	{Innes}, W.~R. and {Jacoby}, S.~H. and {Jain}, B. and {Jee}, J. and
	{Jernigan}, J.~G. and {Jevremovic}, D. and {Johns}, K. and {Jones}, R.~L. and
	{Juramy-Gilles}, C. and {Juric}, M. and {Kahn}, S.~M. and {Kalirai}, J.~S. and
	{Kallivayalil}, N. and {Kalmbach}, B. and {Kantor}, J.~P. and
	{Kasliwal}, M.~M. and {Kessler}, R. and {Kirkby}, D. and {Knox}, L. and
	{Kotov}, I. and {Krabbendam}, V.~L. and {Krughoff}, S. and {Kubanek}, P. and
	{Kuczewski}, J. and {Kulkarni}, S. and {Lambert}, R. and {Le Guillou}, L. and
	{Levine}, D. and {Liang}, M. and {Lim}, K. and {Lintott}, C. and
	{Lupton}, R.~H. and {Mahabal}, A. and {Marshall}, P. and {Marshall}, S. and
	{May}, M. and {McKercher}, R. and {Migliore}, M. and {Miller}, M. and
	{Mills}, D.~J. and {Monet}, D.~G. and {Moniez}, M. and {Neill}, D.~R. and
	{Nief}, J. and {Nomerotski}, A. and {Nordby}, M. and {O'Connor}, P. and
	{Oliver}, J. and {Olivier}, S.~S. and {Olsen}, K. and {Ortiz}, S. and
	{Owen}, R.~E. and {Pain}, R. and {Peterson}, J.~R. and {Petry}, C.~E. and
	{Pierfederici}, F. and {Pietrowicz}, S. and {Pike}, R. and {Pinto}, P.~A. and
	{Plante}, R. and {Plate}, S. and {Price}, P.~A. and {Prouza}, M. and
	{Radeka}, V. and {Rajagopal}, J. and {Rasmussen}, A. and {Regnault}, N. and
	{Ridgway}, S.~T. and {Ritz}, S. and {Rosing}, W. and {Roucelle}, C. and
	{Rumore}, M.~R. and {Russo}, S. and {Saha}, A. and {Sassolas}, B. and
	{Schalk}, T.~L. and {Schindler}, R.~H. and {Schneider}, D.~P. and
	{Schumacher}, G. and {Sebag}, J. and {Sembroski}, G.~H. and
	{Seppala}, L.~G. and {Shipsey}, I. and {Silvestri}, N. and {Smith}, J.~A. and
	{Smith}, R.~C. and {Strauss}, M.~A. and {Stubbs}, C.~W. and
	{Sweeney}, D. and {Szalay}, A. and {Takacs}, P. and {Thaler}, J.~J. and
	{Van Berg}, R. and {Vanden Berk}, D. and {Vetter}, K. and {Virieux}, F. and
	{Xin}, B. and {Walkowicz}, L. and {Walter}, C.~W. and {Wang}, D.~L. and
	{Warner}, M. and {Willman}, B. and {Wittman}, D. and {Wolff}, S.~C. and
	{Wood-Vasey}, W.~M. and {Yoachim}, P. and {Zhan}, H. and {for the LSST Collaboration}
	},
    title = "{LSST: from Science Drivers to Reference Design and Anticipated Data Products}",
  journal = {ArXiv e-prints},
archivePrefix = "arXiv",
   eprint = {0805.2366},
 keywords = {Astrophysics},
     year = 2008,
    month = may,
   adsurl = {http://adsabs.harvard.edu/abs/2008arXiv0805.2366I},
  adsnote = {Provided by the SAO/NASA Astrophysics Data System}
}

@ARTICLE{LSSTDESCWhitePaper,
   author = {{LSST Dark Energy Science Collaboration}},
    title = "{Large Synoptic Survey Telescope: Dark Energy Science Collaboration}",
  journal = {ArXiv e-prints},
archivePrefix = "arXiv",
   eprint = {1211.0310},
 primaryClass = "astro-ph.CO",
 keywords = {Astrophysics - Cosmology and Extragalactic Astrophysics, High Energy Physics - Experiment},
     year = 2012,
    month = nov,
   adsurl = {http://adsabs.harvard.edu/abs/2012arXiv1211.0310L},
  adsnote = {Provided by the SAO/NASA Astrophysics Data System}
}

@ARTICLE{CMBS4Inflation,
   author = {{Abazajian}, K.~N. and {Arnold}, K. and {Austermann}, J. and
	{Benson}, B.~A. and {Bischoff}, C. and {Bock}, J. and {Bond}, J.~R. and
	{Borrill}, J. and {Buder}, I. and {Burke}, D.~L. and {Calabrese}, E. and
	{Carlstrom}, J.~E. and {Carvalho}, C.~S. and {Chang}, C.~L. and
	{Chiang}, H.~C. and {Church}, S. and {Cooray}, A. and {Crawford}, T.~M. and
	{Crill}, B.~P. and {Dawson}, K.~S. and {Das}, S. and {Devlin}, M.~J. and
	{Dobbs}, M. and {Dodelson}, S. and {Dor{\'e}}, O. and {Dunkley}, J. and
	{Feng}, J.~L. and {Fraisse}, A. and {Gallicchio}, J. and {Giddings}, S.~B. and
	{Green}, D. and {Halverson}, N.~W. and {Hanany}, S. and {Hanson}, D. and
	{Hildebrandt}, S.~R. and {Hincks}, A. and {Hlozek}, R. and {Holder}, G. and
	{Holzapfel}, W.~L. and {Honscheid}, K. and {Horowitz}, G. and
	{Hu}, W. and {Hubmayr}, J. and {Irwin}, K. and {Jackson}, M. and
	{Jones}, W.~C. and {Kallosh}, R. and {Kamionkowski}, M. and
	{Keating}, B. and {Keisler}, R. and {Kinney}, W. and {Knox}, L. and
	{Komatsu}, E. and {Kovac}, J. and {Kuo}, C.-L. and {Kusaka}, A. and
	{Lawrence}, C. and {Lee}, A.~T. and {Leitch}, E. and {Linde}, A. and
	{Linder}, E. and {Lubin}, P. and {Maldacena}, J. and {Martinec}, E. and
	{McMahon}, J. and {Miller}, A. and {Mukhanov}, V. and {Newburgh}, L. and
	{Niemack}, M.~D. and {Nguyen}, H. and {Nguyen}, H.~T. and {Page}, L. and
	{Pryke}, C. and {Reichardt}, C.~L. and {Ruhl}, J.~E. and {Sehgal}, N. and
	{Seljak}, U. and {Senatore}, L. and {Sievers}, J. and {Silverstein}, E. and
	{Slosar}, A. and {Smith}, K.~M. and {Spergel}, D. and {Staggs}, S.~T. and
	{Stark}, A. and {Stompor}, R. and {Vieregg}, A.~G. and {Wang}, G. and
	{Watson}, S. and {Wollack}, E.~J. and {Wu}, W.~L.~K. and {Yoon}, K.~W. and
	{Zahn}, O. and {Zaldarriaga}, M.},
    title = "{Inflation Physics from the Cosmic Microwave Background and Large Scale Structure}",
  journal = {ArXiv e-prints},
archivePrefix = "arXiv",
   eprint = {1309.5381},
 keywords = {Astrophysics - Cosmology and Nongalactic Astrophysics},
     year = 2013,
    month = sep,
   adsurl = {http://adsabs.harvard.edu/abs/2013arXiv1309.5381A},
  adsnote = {Provided by the SAO/NASA Astrophysics Data System}
}

@ARTICLE{CMBS4Neutrinos,
   author = {{Abazajian}, K.~N. and {Arnold}, K. and {Austermann}, J. and
	{Benson}, B.~A. and {Bischoff}, C. and {Bock}, J. and {Bond}, J.~R. and
	{Borrill}, J. and {Calabrese}, E. and {Carlstrom}, J.~E. and
	{Carvalho}, C.~S. and {Chang}, C.~L. and {Chiang}, H.~C. and
	{Church}, S. and {Cooray}, A. and {Crawford}, T.~M. and {Dawson}, K.~S. and
	{Das}, S. and {Devlin}, M.~J. and {Dobbs}, M. and {Dodelson}, S. and
	{Dore}, O. and {Dunkley}, J. and {Errard}, J. and {Fraisse}, A. and
	{Gallicchio}, J. and {Halverson}, N.~W. and {Hanany}, S. and
	{Hildebrandt}, S.~R. and {Hincks}, A. and {Hlozek}, R. and {Holder}, G. and
	{Holzapfel}, W.~L. and {Honscheid}, K. and {Hu}, W. and {Hubmayr}, J. and
	{Irwin}, K. and {Jones}, W.~C. and {Kamionkowski}, M. and {Keating}, B. and
	{Keisler}, R. and {Knox}, L. and {Komatsu}, E. and {Kovac}, J. and
	{Kuo}, C.-L. and {Lawrence}, C. and {Lee}, A.~T. and {Leitch}, E. and
	{Linder}, E. and {Lubin}, P. and {McMahon}, J. and {Miller}, A. and
	{Newburgh}, L. and {Niemack}, M.~D. and {Nguyen}, H. and {Nguyen}, H.~T. and
	{Page}, L. and {Pryke}, C. and {Reichardt}, C.~L. and {Ruhl}, J.~E. and
	{Sehgal}, N. and {Seljak}, U. and {Sievers}, J. and {Silverstein}, E. and
	{Slosar}, A. and {Smith}, K.~M. and {Spergel}, D. and {Staggs}, S.~T. and
	{Stark}, A. and {Stompor}, R. and {Vieregg}, A.~G. and {Wang}, G. and
	{Watson}, S. and {Wollack}, E.~J. and {Wu}, W.~L.~K. and {Yoon}, K.~W. and
	{Zahn}, O.},
    title = "{Neutrino Physics from the Cosmic Microwave Background and Large Scale Structure}",
  journal = {ArXiv e-prints},
archivePrefix = "arXiv",
   eprint = {1309.5383},
 keywords = {Astrophysics - Cosmology and Nongalactic Astrophysics, High Energy Physics - Phenomenology},
     year = 2013,
    month = sep,
   adsurl = {http://adsabs.harvard.edu/abs/2013arXiv1309.5383A},
  adsnote = {Provided by the SAO/NASA Astrophysics Data System}
}

@INPROCEEDINGS{CHIME,
   author = {{Vanderlinde}, K. and {Chime Collaboration}},
    title = "{The Canadian Hydrogen Intensity Mapping Experiment (CHIME)}",
booktitle = {Exascale Radio Astronomy},
     year = 2014,
    month = apr,
    pages = {10102},
   adsurl = {http://adsabs.harvard.edu/abs/2014era..conf10102V},
  adsnote = {Provided by the SAO/NASA Astrophysics Data System}
}

@ARTICLE{SKACosmology,
   author = {{Maartens}, R. and {Abdalla}, F.~B. and {Jarvis}, M. and {Santos}, M.~G. and
	{SKA Cosmology SWG}, f.~t.},
    title = "{Cosmology with the SKA -- overview}",
  journal = {ArXiv e-prints},
archivePrefix = "arXiv",
   eprint = {1501.04076},
 keywords = {Astrophysics - Cosmology and Nongalactic Astrophysics, General Relativity and Quantum Cosmology},
     year = 2015,
    month = jan,
   adsurl = {http://adsabs.harvard.edu/abs/2015arXiv150104076M},
  adsnote = {Provided by the SAO/NASA Astrophysics Data System}
}

@ARTICLE{CitSciReview,
   author = {{Marshall}, P.~J. and {Lintott}, C.~J. and {Fletcher}, L.~N.
	},
    title = "{Ideas for Citizen Science in Astronomy}",
  journal = {Ann.\ Rev.\ Astron.\ Astrophys.},
archivePrefix = "arXiv",
   eprint = {1409.4291},
 primaryClass = "astro-ph.IM",
     year = 2015,
    month = aug,
   volume = 53,
    pages = {247-278},
      doi = {10.1146/annurev-astro-081913-035959},
   adsurl = {http://adsabs.harvard.edu/abs/2015ARA%26A..53..247M},
  adsnote = {Provided by the SAO/NASA Astrophysics Data System}
}

@ARTICLE{SpaceWarps,
   author = {{Marshall}, P.~J. and {Verma}, A. and {More}, A. and {Davis}, C.~P. and
	{More}, S. and {Kapadia}, A. and {Parrish}, M. and {Snyder}, C. and
	{Wilcox}, J. and {Baeten}, E. and {Macmillan}, C. and {Cornen}, C. and
	{Baumer}, M. and {Simpson}, E. and {Lintott}, C.~J. and {Miller}, D. and
	{Paget}, E. and {Simpson}, R. and {Smith}, A.~M. and {K{\"u}ng}, R. and
	{Saha}, P. and {Collett}, T.~E. and {Tecza}, M.},
    title = "{Space Warps: I. Crowd-sourcing the Discovery of Gravitational Lenses}",
  journal = {ArXiv e-prints},
archivePrefix = "arXiv",
   eprint = {1504.06148},
 primaryClass = "astro-ph.IM",
 keywords = {Astrophysics - Instrumentation and Methods for Astrophysics, Astrophysics - Cosmology and Nongalactic Astrophysics, Astrophysics - Astrophysics of Galaxies},
     year = 2015,
    month = apr,
   adsurl = {http://adsabs.harvard.edu/abs/2015arXiv150406148M},
  adsnote = {Provided by the SAO/NASA Astrophysics Data System}
}

@ARTICLE{Yadav:2005,
   author = {{Yadav}, A.~P. and {Wandelt}, B.~D.},
    title = "{CMB tomography: Reconstruction of adiabatic primordial scalar potential using temperature and polarization maps}",
  journal = {Phys. Rev. D},
   eprint = {astro-ph/0505386},
 keywords = {Background radiations, Radio microwave, Origin and formation of the Universe, Particle-theory and field-theory models of the early Universe},
     year = 2005,
    month = jun,
   volume = 71,
   number = 12,
      eid = {123004},
    pages = {123004},
      doi = {10.1103/PhysRevD.71.123004},
   adsurl = {http://adsabs.harvard.edu/abs/2005PhRvD..71l3004Y},
  adsnote = {Provided by the SAO/NASA Astrophysics Data System}
}

@ARTICLE{Blandford:1986,
   author = {{Blandford}, R. and {Narayan}, R.},
    title = "{Fermat's principle, caustics, and the classification of gravitational lens images}",
  journal = {ApJ},
 keywords = {Caustics (Optics), Fermat Principle, Gravitational Lenses, Quasars, Catastrophe Theory, Cusps (Mathematics), Dark Matter, Density Distribution, Elliptical Galaxies, Galactic Clusters},
     year = 1986,
    month = nov,
   volume = 310,
    pages = {568-582},
      doi = {10.1086/164709},
   adsurl = {http://adsabs.harvard.edu/abs/1986ApJ...310..568B},
  adsnote = {Provided by the SAO/NASA Astrophysics Data System}
}

@book{west2001introduction,
  title={Introduction to graph theory},
  author={West, Douglas Brent and others},
  volume={2},
  year={2001},
  publisher={Prentice hall Upper Saddle River}
}

@ARTICLE{Hu:2002,
   author = {{Hu}, W. and {Okamoto}, T.},
    title = "{Mass Reconstruction with Cosmic Microwave Background Polarization}",
  journal = {ApJ},
   eprint = {astro-ph/0111606},
 keywords = {Cosmology: Cosmic Microwave Background, Cosmology: Dark Matter, Cosmology: Large-Scale Structure of Universe},
     year = 2002,
    month = aug,
   volume = 574,
    pages = {566-574},
      doi = {10.1086/341110},
   adsurl = {http://adsabs.harvard.edu/abs/2002ApJ...574..566H},
  adsnote = {Provided by the SAO/NASA Astrophysics Data System}
}

@ARTICLE{Nye:1978,
   author = {{Nye}, J.~F.},
    title = "{Optical Caustics in the Near Field from Liquid Drops}",
  journal = {Proceedings of the Royal Society of London Series A},
     year = 1978,
    month = may,
   volume = 361,
    pages = {21-41},
      doi = {10.1098/rspa.1978.0090},
   adsurl = {http://adsabs.harvard.edu/abs/1978RSPSA.361...21N},
  adsnote = {Provided by the SAO/NASA Astrophysics Data System}
}

@ARTICLE{Scheuer:1977,
   author = {{Scheuer}, P.~A.~G. and {Hannay}, J.~H. and {Hargrave}, P.~J.
	},
    title = "{A note on the interpretation of polarization maps}",
  journal = {MNRAS},
     year = 1977,
    month = jul,
   volume = 180,
    pages = {163-168},
   adsurl = {http://adsabs.harvard.edu/abs/1977MNRAS.180..163S},
  adsnote = {Provided by the SAO/NASA Astrophysics Data System}
}

@ARTICLE{Barnabe:2010,
   author = {{Barnab{\`e}}, M. and {Auger}, M.~W. and {Treu}, T. and {Koopmans}, L.~V.~E. and
	{Bolton}, A.~S. and {Czoske}, O. and {Gavazzi}, R.},
    title = "{The non-evolving internal structure of early-type galaxies: the case study SDSSJ0728+3835 at z = 0.206}",
  journal = {MNRAS},
archivePrefix = "arXiv",
   eprint = {1002.1083},
 primaryClass = "astro-ph.CO",
 keywords = {gravitational lensing: strong, galaxies: elliptical and lenticular, cD, galaxies: kinematics and dynamics, galaxies: structure},
     year = 2010,
    month = aug,
   volume = 406,
    pages = {2339-2351},
      doi = {10.1111/j.1365-2966.2010.16881.x},
   adsurl = {http://adsabs.harvard.edu/abs/2010MNRAS.406.2339B},
  adsnote = {Provided by the SAO/NASA Astrophysics Data System}
}

@ARTICLE{Barnabe:2011,
   author = {{Barnab{\`e}}, M. and {Czoske}, O. and {Koopmans}, L.~V.~E. and
	{Treu}, T. and {Bolton}, A.~S.},
    title = "{Two-dimensional kinematics of SLACS lenses - III. Mass structure and dynamics of early-type lens galaxies beyond z = 0.1}",
  journal = {MNRAS},
archivePrefix = "arXiv",
   eprint = {1102.2261},
 keywords = {gravitational lensing: strong, galaxies: elliptical and lenticular, cD, galaxies: kinematics and dynamics, galaxies: structure},
     year = 2011,
    month = aug,
   volume = 415,
    pages = {2215-2232},
      doi = {10.1111/j.1365-2966.2011.18842.x},
   adsurl = {http://adsabs.harvard.edu/abs/2011MNRAS.415.2215B},
  adsnote = {Provided by the SAO/NASA Astrophysics Data System}
}

@ARTICLE{Brewer:2012,
   author = {{Brewer}, B.~J. and {Dutton}, A.~A. and {Treu}, T. and {Auger}, M.~W. and
	{Marshall}, P.~J. and {Barnab{\`e}}, M. and {Bolton}, A.~S. and
	{Koo}, D.~C. and {Koopmans}, L.~V.~E.},
    title = "{The SWELLS survey - III. Disfavouring 'heavy' initial mass functions for spiral lens galaxies}",
  journal = {MNRAS},
archivePrefix = "arXiv",
   eprint = {1201.1677},
 keywords = {gravitational lensing: strong, stars: luminosity function, mass function, galaxies: fundamental parameters, galaxies: spiral},
     year = 2012,
    month = jun,
   volume = 422,
    pages = {3574-3590},
      doi = {10.1111/j.1365-2966.2012.20870.x},
   adsurl = {http://adsabs.harvard.edu/abs/2012MNRAS.422.3574B},
  adsnote = {Provided by the SAO/NASA Astrophysics Data System}
}


@ARTICLE{Barnabe:2012,
   author = {{Barnab{\`e}}, M. and {Dutton}, A.~A. and {Marshall}, P.~J. and
	{Auger}, M.~W. and {Brewer}, B.~J. and {Treu}, T. and {Bolton}, A.~S. and
	{Koo}, D.~C. and {Koopmans}, L.~V.~E.},
    title = "{The SWELLS survey - IV. Precision measurements of the stellar and dark matter distributions in a spiral lens galaxy}",
  journal = {MNRAS},
archivePrefix = "arXiv",
   eprint = {1201.1692},
 keywords = {gravitational lensing: strong, galaxies: fundamental parameters, galaxies: haloes, galaxies: kinematics and dynamics, galaxies: spiral, galaxies: structure},
     year = 2012,
    month = jun,
   volume = 423,
    pages = {1073-1088},
      doi = {10.1111/j.1365-2966.2012.20934.x},
   adsurl = {http://adsabs.harvard.edu/abs/2012MNRAS.423.1073B},
  adsnote = {Provided by the SAO/NASA Astrophysics Data System}
}

@ARTICLE{Dutton:2013,
   author = {{Dutton}, A.~A. and {Treu}, T. and {Brewer}, B.~J. and {Marshall}, P.~J. and
	{Auger}, M.~W. and {Barnab{\`e}}, M. and {Koo}, D.~C. and {Bolton}, A.~S. and
	{Koopmans}, L.~V.~E.},
    title = "{The SWELLS survey - V. A Salpeter stellar initial mass function in the bulges of massive spiral galaxies}",
  journal = {MNRAS},
archivePrefix = "arXiv",
   eprint = {1206.4310},
 keywords = {stars: luminosity function, mass function, galaxies: bulges, galaxies: kinematics and dynamics, galaxies: spiral, dark matter},
     year = 2013,
    month = feb,
   volume = 428,
    pages = {3183-3195},
      doi = {10.1093/mnras/sts262},
   adsurl = {http://adsabs.harvard.edu/abs/2013MNRAS.428.3183D},
  adsnote = {Provided by the SAO/NASA Astrophysics Data System}
}

@ARTICLE{Strigari:2012,
   author = {{Strigari}, L.~E. and {Barnab{\`e}}, M. and {Marshall}, P.~J. and
	{Blandford}, R.~D.},
    title = "{Nomads of the Galaxy}",
  journal = {MNRAS},
archivePrefix = "arXiv",
   eprint = {1201.2687},
 keywords = {gravitational lensing: micro, planets and satellites: detection, planets and satellites: general},
     year = 2012,
    month = jun,
   volume = 423,
    pages = {1856-1865},
      doi = {10.1111/j.1365-2966.2012.21009.x},
   adsurl = {http://adsabs.harvard.edu/abs/2012MNRAS.423.1856S},
  adsnote = {Provided by the SAO/NASA Astrophysics Data System}
}

@ARTICLE{Collett:2013,
   author = {{Collett}, T.~E. and {Marshall}, P.~J. and {Auger}, M.~W. and
	{Hilbert}, S. and {Suyu}, S.~H. and {Greene}, Z. and {Treu}, T. and
	{Fassnacht}, C.~D. and {Koopmans}, L.~V.~E. and {Brada{\v c}}, M. and
	{Blandford}, R.~D.},
    title = "{Reconstructing the lensing mass in the Universe from photometric catalogue data}",
  journal = {MNRAS},
archivePrefix = "arXiv",
   eprint = {1303.6564},
 keywords = {gravitational lensing: weak, methods: statistical, galaxies: haloes, galaxies: luminosity function, mass function, cosmology: observations},
     year = 2013,
    month = jun,
   volume = 432,
    pages = {679-692},
      doi = {10.1093/mnras/stt504},
   adsurl = {http://adsabs.harvard.edu/abs/2013MNRAS.432..679C},
  adsnote = {Provided by the SAO/NASA Astrophysics Data System}
}

@ARTICLE{Gillis:2013,
   author = {{Gillis}, B.~R. and {Hudson}, M.~J. and {Hilbert}, S. and {Hartlap}, J.
	},
    title = "{Probing satellite haloes with weak gravitational lensing}",
  journal = {MNRAS},
archivePrefix = "arXiv",
   eprint = {1211.1108},
 keywords = {galaxies: clusters: general, galaxies: groups: general, gravitational lensing: weak, dark matter},
     year = 2013,
    month = feb,
   volume = 429,
    pages = {372-384},
      doi = {10.1093/mnras/sts341},
   adsurl = {http://adsabs.harvard.edu/abs/2013MNRAS.429..372G},
  adsnote = {Provided by the SAO/NASA Astrophysics Data System}
}

@ARTICLE{Greene:2013,
   author = {{Greene}, Z.~S. and {Suyu}, S.~H. and {Treu}, T. and {Hilbert}, S. and
	{Auger}, M.~W. and {Collett}, T.~E. and {Marshall}, P.~J. and
	{Fassnacht}, C.~D. and {Blandford}, R.~D. and {Brada{\v c}}, M. and
	{Koopmans}, L.~V.~E.},
    title = "{Improving the Precision of Time-delay Cosmography with Observations of Galaxies along the Line of Sight}",
  journal = {ApJ},
archivePrefix = "arXiv",
   eprint = {1303.3588},
 keywords = {distance scale, galaxies: individual: B1608+656, gravitational lensing: strong, methods: data analysis },
     year = 2013,
    month = may,
   volume = 768,
      eid = {39},
    pages = {39},
      doi = {10.1088/0004-637X/768/1/39},
   adsurl = {http://adsabs.harvard.edu/abs/2013ApJ...768...39G},
  adsnote = {Provided by the SAO/NASA Astrophysics Data System}
}

@ARTICLE{Hezaveh:2014,
   author = {{Hezaveh}, Y.~D.},
    title = "{Prospects for Measuring the Mass of Black Holes at High Redshifts with Resolved Kinematics Using Gravitational Lensing}",
  journal = {ApJ},
archivePrefix = "arXiv",
   eprint = {1408.3631},
 keywords = {black hole physics, galaxies: formation, galaxies: high-redshift, gravitational lensing: strong},
     year = 2014,
    month = aug,
   volume = 791,
      eid = {L41},
    pages = {L41},
      doi = {10.1088/2041-8205/791/2/L41},
   adsurl = {http://adsabs.harvard.edu/abs/2014ApJ...791L..41H},
  adsnote = {Provided by the SAO/NASA Astrophysics Data System}
}

@ARTICLE{Hezaveh:2014a,
   author = {{Hezaveh}, Y. and {Dalal}, N. and {Holder}, G. and {Kisner}, T. and
	{Kuhlen}, M. and {Perreault Levasseur}, L.},
    title = "{Measuring the power spectrum of dark matter substructure using strong gravitational lensing}",
  journal = {ArXiv e-prints},
archivePrefix = "arXiv",
   eprint = {1403.2720},
 keywords = {Astrophysics - Cosmology and Nongalactic Astrophysics},
     year = 2014,
    month = mar,
   adsurl = {http://adsabs.harvard.edu/abs/2014arXiv1403.2720H},
  adsnote = {Provided by the SAO/NASA Astrophysics Data System}
}

@ARTICLE{Hilbert:2012,
   author = {{Hilbert}, S. and {Marian}, L. and {Smith}, R.~E. and {Desjacques}, V.
	},
    title = "{Measuring primordial non-Gaussianity with weak lensing surveys}",
  journal = {MNRAS},
archivePrefix = "arXiv",
   eprint = {1204.4530},
 primaryClass = "astro-ph.CO",
 keywords = {gravitational lensing: weak, cosmological parameters, early Universe, inflation, large-scale structure of Universe, methods: numerical},
     year = 2012,
    month = nov,
   volume = 426,
    pages = {2870-2888},
      doi = {10.1111/j.1365-2966.2012.21841.x},
   adsurl = {http://adsabs.harvard.edu/abs/2012MNRAS.426.2870H},
  adsnote = {Provided by the SAO/NASA Astrophysics Data System}
}

@ARTICLE{Hildebrandt:2012,
   author = {{Hildebrandt}, H. and {Erben}, T. and {Kuijken}, K. and {van Waerbeke}, L. and
	{Heymans}, C. and {Coupon}, J. and {Benjamin}, J. and {Bonnett}, C. and
	{Fu}, L. and {Hoekstra}, H. and {Kitching}, T.~D. and {Mellier}, Y. and
	{Miller}, L. and {Velander}, M. and {Hudson}, M.~J. and {Rowe}, B.~T.~P. and
	{Schrabback}, T. and {Semboloni}, E. and {Benitez}, N.
	},
    title = "{CFHTLenS: improving the quality of photometric redshifts with precision photometry}",
  journal = {MNRAS},
archivePrefix = "arXiv",
   eprint = {1111.4434},
 keywords = {galaxies: abundances, galaxies: high-redshift, galaxies: photometry},
     year = 2012,
    month = apr,
   volume = 421,
    pages = {2355-2367},
      doi = {10.1111/j.1365-2966.2012.20468.x},
   adsurl = {http://adsabs.harvard.edu/abs/2012MNRAS.421.2355H},
  adsnote = {Provided by the SAO/NASA Astrophysics Data System}
}

@ARTICLE{Joachimi:2013,
   author = {{Joachimi}, B. and {Semboloni}, E. and {Bett}, P.~E. and {Hartlap}, J. and
	{Hilbert}, S. and {Hoekstra}, H. and {Schneider}, P. and {Schrabback}, T.
	},
    title = "{Intrinsic galaxy shapes and alignments - I. Measuring and modelling COSMOS intrinsic galaxy ellipticities}",
  journal = {MNRAS},
archivePrefix = "arXiv",
   eprint = {1203.6833},
 primaryClass = "astro-ph.CO",
 keywords = {gravitational lensing: weak, methods: data analysis, methods: numerical, galaxies: evolution, cosmology: observations, large-scale structure of Universe},
     year = 2013,
    month = may,
   volume = 431,
    pages = {477-492},
      doi = {10.1093/mnras/stt172},
   adsurl = {http://adsabs.harvard.edu/abs/2013MNRAS.431..477J},
  adsnote = {Provided by the SAO/NASA Astrophysics Data System}
}

@ARTICLE{Joachimi:2013a,
   author = {{Joachimi}, B. and {Semboloni}, E. and {Hilbert}, S. and {Bett}, P.~E. and
	{Hartlap}, J. and {Hoekstra}, H. and {Schneider}, P.},
    title = "{Intrinsic galaxy shapes and alignments - II. Modelling the intrinsic alignment contamination of weak lensing surveys}",
  journal = {MNRAS},
archivePrefix = "arXiv",
   eprint = {1305.5791},
 primaryClass = "astro-ph.CO",
 keywords = {gravitational lensing: weak, methods: numerical, methods: statistical, galaxies: evolution, cosmology: observations, large-scale structure of Universe},
     year = 2013,
    month = nov,
   volume = 436,
    pages = {819-838},
      doi = {10.1093/mnras/stt1618},
   adsurl = {http://adsabs.harvard.edu/abs/2013MNRAS.436..819J},
  adsnote = {Provided by the SAO/NASA Astrophysics Data System}
}

@ARTICLE{Leauthaud:2012,
   author = {{Leauthaud}, A. and {Tinker}, J. and {Bundy}, K. and {Behroozi}, P.~S. and
	{Massey}, R. and {Rhodes}, J. and {George}, M.~R. and {Kneib}, J.-P. and
	{Benson}, A. and {Wechsler}, R.~H. and {Busha}, M.~T. and {Capak}, P. and
	{Cort{\^e}s}, M. and {Ilbert}, O. and {Koekemoer}, A.~M. and
	{Le F{\`e}vre}, O. and {Lilly}, S. and {McCracken}, H.~J. and
	{Salvato}, M. and {Schrabback}, T. and {Scoville}, N. and {Smith}, T. and
	{Taylor}, J.~E.},
    title = "{New Constraints on the Evolution of the Stellar-to-dark Matter Connection: A Combined Analysis of Galaxy-Galaxy Lensing, Clustering, and Stellar Mass Functions from z = 0.2 to z =1}",
  journal = {ApJ},
archivePrefix = "arXiv",
   eprint = {1104.0928},
 keywords = {dark matter, galaxies: evolution, galaxies: formation, galaxies: luminosity function, mass function, galaxies: stellar content, gravitational lensing: weak},
     year = 2012,
    month = jan,
   volume = 744,
      eid = {159},
    pages = {159},
      doi = {10.1088/0004-637X/744/2/159},
   adsurl = {http://adsabs.harvard.edu/abs/2012ApJ...744..159L},
  adsnote = {Provided by the SAO/NASA Astrophysics Data System}
}

@ARTICLE{Jee:2013,
   author = {{Jee}, M.~J. and {Tyson}, J.~A. and {Schneider}, M.~D. and {Wittman}, D. and
	{Schmidt}, S. and {Hilbert}, S.},
    title = "{Cosmic Shear Results from the Deep Lens Survey. I. Joint Constraints on {$\Omega$}$_{ M }$ and {$\sigma$}$_{8}$ with a Two-dimensional Analysis}",
  journal = {ApJ},
archivePrefix = "arXiv",
   eprint = {1210.2732},
 keywords = {cosmological parameters, cosmology: observations, dark matter, gravitational lensing: weak, large-scale structure of universe },
     year = 2013,
    month = mar,
   volume = 765,
      eid = {74},
    pages = {74},
      doi = {10.1088/0004-637X/765/1/74},
   adsurl = {http://adsabs.harvard.edu/abs/2013ApJ...765...74J},
  adsnote = {Provided by the SAO/NASA Astrophysics Data System}
}

@ARTICLE{Marian:2012,
   author = {{Marian}, L. and {Smith}, R.~E. and {Hilbert}, S. and {Schneider}, P.
	},
    title = "{Optimized detection of shear peaks in weak lensing maps}",
  journal = {MNRAS},
archivePrefix = "arXiv",
   eprint = {1110.4635},
 keywords = {cosmology: theory, large-scale structure of Universe},
     year = 2012,
    month = jun,
   volume = 423,
    pages = {1711-1725},
      doi = {10.1111/j.1365-2966.2012.20992.x},
   adsurl = {http://adsabs.harvard.edu/abs/2012MNRAS.423.1711M},
  adsnote = {Provided by the SAO/NASA Astrophysics Data System}
}

@ARTICLE{Marian:2013,
   author = {{Marian}, L. and {Smith}, R.~E. and {Hilbert}, S. and {Schneider}, P.
	},
    title = "{The cosmological information of shear peaks: beyond the abundance}",
  journal = {MNRAS},
archivePrefix = "arXiv",
   eprint = {1301.5001},
 keywords = {gravitational lensing: weak, galaxies: clusters: general, cosmological parameters, cosmology: theory, large-scale structure of Universe},
     year = 2013,
    month = jun,
   volume = 432,
    pages = {1338-1350},
      doi = {10.1093/mnras/stt552},
   adsurl = {http://adsabs.harvard.edu/abs/2013MNRAS.432.1338M},
  adsnote = {Provided by the SAO/NASA Astrophysics Data System}
}

@ARTICLE{Morganson:2010,
   author = {{Morganson}, E. and {Marshall}, P. and {Treu}, T. and {Schrabback}, T. and
	{Blandford}, R.~D.},
    title = "{Direct observation of cosmic strings via their strong gravitational lensing effect - II. Results from the HST/ACS image archive}",
  journal = {MNRAS},
archivePrefix = "arXiv",
   eprint = {0908.0602},
 keywords = {gravitational lensing: strong, surveys, cosmology: observations},
     year = 2010,
    month = aug,
   volume = 406,
    pages = {2452-2472},
      doi = {10.1111/j.1365-2966.2010.16562.x},
   adsurl = {http://adsabs.harvard.edu/abs/2010MNRAS.406.2452M},
  adsnote = {Provided by the SAO/NASA Astrophysics Data System}
}

@ARTICLE{Oguri:2013,
   author = {{Oguri}, M. and {Schrabback}, T. and {Jullo}, E. and {Ota}, N. and
	{Kochanek}, C.~S. and {Dai}, X. and {Ofek}, E.~O. and {Richards}, G.~T. and
	{Blandford}, R.~D. and {Falco}, E.~E. and {Fohlmeister}, J.},
    title = "{The Hidden Fortress: structure and substructure of the complex strong lensing cluster SDSS J1029+2623}",
  journal = {MNRAS},
archivePrefix = "arXiv",
   eprint = {1209.0458},
 keywords = {gravitational lensing: strong, gravitational lensing: weak, galaxies: clusters: individual: SDSS J1029+2623, quasars: individual: SDSS J1029+2623, dark matter, X-rays: galaxies: clusters},
     year = 2013,
    month = feb,
   volume = 429,
    pages = {482-493},
      doi = {10.1093/mnras/sts351},
   adsurl = {http://adsabs.harvard.edu/abs/2013MNRAS.429..482O},
  adsnote = {Provided by the SAO/NASA Astrophysics Data System}
}

@ARTICLE{Ota:2012,
   author = {{Ota}, N. and {Oguri}, M. and {Dai}, X. and {Kochanek}, C.~S. and
	{Richards}, G.~T. and {Ofek}, E.~O. and {Blandford}, R.~D. and
	{Schrabback}, T. and {Inada}, N.},
    title = "{The Chandra View of the Largest Quasar Lens SDSS J1029+2623}",
  journal = {ApJ},
archivePrefix = "arXiv",
   eprint = {1202.1645},
 keywords = {galaxies: clusters: general, gravitational lensing: strong, quasars: individual: SDSS J1029+2623, X-rays: galaxies},
     year = 2012,
    month = oct,
   volume = 758,
      eid = {26},
    pages = {26},
      doi = {10.1088/0004-637X/758/1/26},
   adsurl = {http://adsabs.harvard.edu/abs/2012ApJ...758...26O},
  adsnote = {Provided by the SAO/NASA Astrophysics Data System}
}

@ARTICLE{Saghiha:2012,
   author = {{Saghiha}, H. and {Hilbert}, S. and {Schneider}, P. and {Simon}, P.
	},
    title = "{Galaxy-galaxy(-galaxy) lensing as a sensitive probe of galaxy evolution}",
  journal = {Astronomy and Astrophysics},
archivePrefix = "arXiv",
   eprint = {1204.2232},
 primaryClass = "astro-ph.CO",
 keywords = {gravitational lensing: weak, large-scale structure of Universe, galaxies: formation, galaxies: evolution, methods: numerical},
     year = 2012,
    month = nov,
   volume = 547,
      eid = {A77},
    pages = {A77},
      doi = {10.1051/0004-6361/201219358},
   adsurl = {http://adsabs.harvard.edu/abs/2012A%26A...547A..77S},
  adsnote = {Provided by the SAO/NASA Astrophysics Data System}
}

@ARTICLE{Suyu:2013,
   author = {{Suyu}, S.~H. and {Auger}, M.~W. and {Hilbert}, S. and {Marshall}, P.~J. and
	{Tewes}, M. and {Treu}, T. and {Fassnacht}, C.~D. and {Koopmans}, L.~V.~E. and
	{Sluse}, D. and {Blandford}, R.~D. and {Courbin}, F. and {Meylan}, G.
	},
    title = "{Two Accurate Time-delay Distances from Strong Lensing: Implications for Cosmology}",
  journal = {ApJ},
archivePrefix = "arXiv",
   eprint = {1208.6010},
 keywords = {distance scale, galaxies: individual: RXJ1131{\ndash}1231, gravitational lensing: strong, methods: data analysis},
     year = 2013,
    month = apr,
   volume = 766,
      eid = {70},
    pages = {70},
      doi = {10.1088/0004-637X/766/2/70},
   adsurl = {http://adsabs.harvard.edu/abs/2013ApJ...766...70S},
  adsnote = {Provided by the SAO/NASA Astrophysics Data System}
}

@ARTICLE{Suyu:2010,
   author = {{Suyu}, S.~H. and {Marshall}, P.~J. and {Auger}, M.~W. and {Hilbert}, S. and
	{Blandford}, R.~D. and {Koopmans}, L.~V.~E. and {Fassnacht}, C.~D. and
	{Treu}, T.},
    title = "{Dissecting the Gravitational lens B1608+656. II. Precision Measurements of the Hubble Constant, Spatial Curvature, and the Dark Energy Equation of State}",
  journal = {ApJ},
archivePrefix = "arXiv",
   eprint = {0910.2773},
 primaryClass = "astro-ph.CO",
 keywords = {cosmology: observations, distance scale, galaxies: individual: B1608+656, gravitational lensing: strong, methods: data analysis},
     year = 2010,
    month = mar,
   volume = 711,
    pages = {201-221},
      doi = {10.1088/0004-637X/711/1/201},
   adsurl = {http://adsabs.harvard.edu/abs/2010ApJ...711..201S},
  adsnote = {Provided by the SAO/NASA Astrophysics Data System}
}

@ARTICLE{Suyu:2012,
   author = {{Suyu}, S.~H. and {Treu}, T. and {Blandford}, R.~D. and {Freedman}, W.~L. and
	{Hilbert}, S. and {Blake}, C. and {Braatz}, J. and {Courbin}, F. and
	{Dunkley}, J. and {Greenhill}, L. and {Humphreys}, E. and {Jha}, S. and
	{Kirshner}, R. and {Lo}, K.~Y. and {Macri}, L. and {Madore}, B.~F. and
	{Marshall}, P.~J. and {Meylan}, G. and {Mould}, J. and {Reid}, B. and
	{Reid}, M. and {Riess}, A. and {Schlegel}, D. and {Scowcroft}, V. and
	{Verde}, L.},
    title = "{The Hubble constant and new discoveries in cosmology}",
  journal = {ArXiv e-prints},
archivePrefix = "arXiv",
   eprint = {1202.4459},
 primaryClass = "astro-ph.CO",
 keywords = {Astrophysics - Cosmology and Extragalactic Astrophysics},
     year = 2012,
    month = feb,
   adsurl = {http://adsabs.harvard.edu/abs/2012arXiv1202.4459S},
  adsnote = {Provided by the SAO/NASA Astrophysics Data System}
}

@ARTICLE{Voigt:2012,
   author = {{Voigt}, L.~M. and {Bridle}, S.~L. and {Amara}, A. and {Cropper}, M. and
	{Kitching}, T.~D. and {Massey}, R. and {Rhodes}, J. and {Schrabback}, T.
	},
    title = "{The impact of galaxy colour gradients on cosmic shear measurement}",
  journal = {MNRAS},
archivePrefix = "arXiv",
   eprint = {1105.5595},
 keywords = {gravitational lensing: weak, cosmology: observations, large scale structure of Universe},
     year = 2012,
    month = apr,
   volume = 421,
    pages = {1385-1398},
      doi = {10.1111/j.1365-2966.2011.20395.x},
   adsurl = {http://adsabs.harvard.edu/abs/2012MNRAS.421.1385V},
  adsnote = {Provided by the SAO/NASA Astrophysics Data System}
}

@ARTICLE{Linden:2014,
   author = {{von der Linden}, A. and {Allen}, M.~T. and {Applegate}, D.~E. and
	{Kelly}, P.~L. and {Allen}, S.~W. and {Ebeling}, H. and {Burchat}, P.~R. and
	{Burke}, D.~L. and {Donovan}, D. and {Morris}, R.~G. and {Blandford}, R. and
	{Erben}, T. and {Mantz}, A.},
    title = "{Weighing the Giants - I. Weak-lensing masses for 51 massive galaxy clusters: project overview, data analysis methods and cluster images}",
  journal = {MNRAS},
archivePrefix = "arXiv",
   eprint = {1208.0597},
 keywords = {gravitational lensing: weak, methods: data analysis, galaxies: clusters: general, galaxies: elliptical and lenticular, cD, cosmology: observations},
     year = 2014,
    month = mar,
   volume = 439,
    pages = {2-27},
      doi = {10.1093/mnras/stt1945},
   adsurl = {http://adsabs.harvard.edu/abs/2014MNRAS.439....2V},
  adsnote = {Provided by the SAO/NASA Astrophysics Data System}
}


@ARTICLE{MasseyEtal2007,
   author = {{Massey}, R. and {Rhodes}, J. and {Leauthaud}, A. and {Capak}, P. and
	{Ellis}, R. and {Koekemoer}, A. and {R{\'e}fr{\'e}gier}, A. and
	{Scoville}, N. and {Taylor}, J.~E. and {Albert}, J. and {Berg{\'e}}, J. and
	{Heymans}, C. and {Johnston}, D. and {Kneib}, J.-P. and {Mellier}, Y. and
	{Mobasher}, B. and {Semboloni}, E. and {Shopbell}, P. and {Tasca}, L. and
	{Van Waerbeke}, L.},
    title = "{COSMOS: Three-dimensional Weak Lensing and the Growth of Structure}",
  journal = {ApJS},
   eprint = {astro-ph/0701480},
 keywords = {Cosmology: Observations, Cosmology: Gravitational Lensing, Cosmology: Large-Scale Structure of Universe},
     year = 2007,
    month = sep,
   volume = 172,
    pages = {239-253},
      doi = {10.1086/516599},
   adsurl = {http://adsabs.harvard.edu/abs/2007ApJS..172..239M},
  adsnote = {Provided by the SAO/NASA Astrophysics Data System}
}

@ARTICLE{HeymansEtal2012,
   author = {{Heymans}, C. and {Van Waerbeke}, L. and {Miller}, L. and {Erben}, T. and
	{Hildebrandt}, H. and {Hoekstra}, H. and {Kitching}, T.~D. and
	{Mellier}, Y. and {Simon}, P. and {Bonnett}, C. and {Coupon}, J. and
	{Fu}, L. and {Harnois D{\'e}raps}, J. and {Hudson}, M.~J. and
	{Kilbinger}, M. and {Kuijken}, K. and {Rowe}, B. and {Schrabback}, T. and
	{Semboloni}, E. and {van Uitert}, E. and {Vafaei}, S. and {Velander}, M.
	},
    title = "{CFHTLenS: the Canada-France-Hawaii Telescope Lensing Survey}",
  journal = {MNRAS},
archivePrefix = "arXiv",
   eprint = {1210.0032},
 keywords = {gravitational lensing: weak, cosmology: observations},
     year = 2012,
    month = nov,
   volume = 427,
    pages = {146-166},
      doi = {10.1111/j.1365-2966.2012.21952.x},
   adsurl = {http://adsabs.harvard.edu/abs/2012MNRAS.427..146H},
  adsnote = {Provided by the SAO/NASA Astrophysics Data System}
}

@ARTICLE{JascheAndWandelt2013,
   author = {{Jasche}, J. and {Wandelt}, B.~D.},
    title = "{Methods for Bayesian Power Spectrum Inference with Galaxy Surveys}",
  journal = {ApJ},
archivePrefix = "arXiv",
   eprint = {1306.1821},
 keywords = {large-scale structure of universe, methods: data analysis, methods: numerical, methods: statistical },
     year = 2013,
    month = dec,
   volume = 779,
      eid = {15},
    pages = {15},
      doi = {10.1088/0004-637X/779/1/15},
   adsurl = {http://adsabs.harvard.edu/abs/2013ApJ...779...15J},
  adsnote = {Provided by the SAO/NASA Astrophysics Data System}
}

@ARTICLE{SeljebotnEtal2014,
   author = {{Seljebotn}, D.~S. and {Mardal}, K.-A. and {Jewell}, J.~B. and
	{Eriksen}, H.~K. and {Bull}, P.},
    title = "{A Multi-level Solver for Gaussian Constrained Cosmic Microwave Background Realizations}",
  journal = {ApJS},
archivePrefix = "arXiv",
   eprint = {1308.5299},
 primaryClass = "astro-ph.IM",
 keywords = {cosmic background radiation, methods: numerical, methods: statistical},
     year = 2014,
    month = feb,
   volume = 210,
      eid = {24},
    pages = {24},
      doi = {10.1088/0067-0049/210/2/24},
   adsurl = {http://adsabs.harvard.edu/abs/2014ApJS..210...24S},
  adsnote = {Provided by the SAO/NASA Astrophysics Data System}
}
